1759 2836
699 77 737 112 145

24 183 78 225 disse
100 186 121 225 et
135 184 166 226 ita
181 185 242 226 deum
257 183 362 225 marinum
377 184 457 226 factum
472 200 525 236 esse,
542 185 578 239 qui
593 185 659 227 semel
673 186 696 227 in
711 201 766 228 auno

24 266 96 293 omnes
111 266 158 294 oras
174 255 195 294 et
209 252 288 294 insulas
303 252 396 294 invisens
412 253 465 306 ζῴων
480 255 515 293 καὶ
529 259 610 307 καρπῶν
621 253 700 308 φθοράν
710 269 766 308 prae-

24 311 110 361 cineret.

92 387 197 430 Corinthii
211 388 277 442 igitur
291 388 378 430 familiae
393 403 468 442 regum
485 387 592 440 suorum¹,
611 389 647 442 qui
657 392 766 442 vocantur,

24 453 127 497 Glaucum
141 457 263 498 inserebant
279 471 367 510 eumque
384 471 431 498 cum
446 455 553 510 Sisypn02
568 456 658 511 aliisque
673 457 766 498 numini-

23 523 63 565 bus
79 524 165 566 marinis
181 524 300 578 aequabant,
316 528 337 566 et
349 524 404 566 sicut
415 524 517 566 Glaucum
529 523 708 578 Bellerophontis,
721 523 766 566 Ne-

23 596 112 645 ptunum
131 591 257 645 Chrysaoris
272 596 355 646 patrem
369 592 466 646 plerique
480 591 649 643 nominaverunt.
665 592 696 634 ita
711 593 767 647 apud

23 660 136 702 nonnullos
155 659 293 713 Neptunum3
311 659 490 713 Bellerophontis,
507 659 626 701 Crlauoum4
641 660 766 714 Chrysaoris

23 731 107 781 patrem
121 728 186 770 fuisse
202 729 305 782 scriptum
319 728 444 770 invenimus.
468 728 519 777 Quae
534 743 567 769 res
583 728 646 769 simul
661 743 709 770 cum
719 729 766 771 aliis

24 799 97 849 aperte
120 796 212 838 ostendit
235 794 338 838 Glaucum
358 796 447 837 eundem
469 795 566 837 habitum
582 810 627 837 esse
643 810 667 836 ac
681 796 765 850 Neptu-

25 879 84 914 num;
100 864 155 917 quod
165 879 208 906 non
218 863 263 905 siue
274 878 337 905 causa
346 863 426 905 factum
436 866 474 910 cst,
485 878 534 905 nam
545 863 662 917 antiquitus
674 864 766 907 Glaucus

26 932 76 973 [leus
86 933 151 973 maris
160 935 237 986 potens
248 934 300 982 erat,
311 932 370 973 cuius
380 931 449 973 cultus
456 931 499 973 late
507 930 515 954 5
522 932 660 985 pervulgatus
669 936 721 985 erat,
730 935 767 975 secl

25 1013 72 1040 cum
94 999 130 1041 ille
153 1000 208 1041 sicut
229 1002 262 1041 tot
285 999 327 1040 alia
348 999 435 1040 numina
450 998 532 1040 marina
548 999 574 1040 acl
589 1001 669 1041 certam
683 1003 765 1042 naturae

24 1067 176 1120 proprietatem
197 1082 240 1109 non
260 1067 399 1120 pervenisset,
414 1067 462 1108 fieri
476 1081 519 1107 non
533 1067 610 1119 potuit,
626 1068 677 1120 quin
691 1073 765 1110 recen-

24 1136 78 1177 tiore
102 1138 164 1177 aetate
187 1135 243 1177 idem
265 1135 379 1176 haberetur
401 1150 424 1176 ac
446 1133 565 1188 Neptunus.
601 1134 653 1184 Qua
673 1151 719 1178 cum
735 1138 766 1178 ita

24 1204 73 1254 sint,
95 1202 157 1244 facile
179 1206 211 1245 est
232 1203 359 1256 intelligere,
380 1218 417 1244 cur
431 1202 511 1256 templa
527 1205 563 1243 aut
578 1217 627 1253 arae,
642 1204 679 1245 ubi
695 1204 766 1247 [lirino

24 1270 105 1313 honore
121 1271 176 1324 apud
191 1269 313 1312 Corinthios
328 1270 406 1312 fruitus
421 1270 449 1312 sit
465 1269 556 1312 Glaucus
568 1295 594 1299 —
604 1271 646 1313 nisi
657 1272 765 1314 credamus

24 1338 74 1380 licet
90 1337 193 1380 Glaucum
208 1337 341 1392 Ταράξιππον,
358 1339 394 1391 qui
409 1338 431 1379 in
445 1337 527 1381 Isthmo
537 1339 619 1392 positus
631 1339 698 1391 eratss,
707 1340 766 1381 cultu

25 1405 153 1447 honoratum
169 1421 214 1448 esse
231 1432 256 1436 —
273 1406 413 1448 demonstrari
428 1421 470 1447 uon
481 1407 572 1460 possint:
584 1406 676 1449 Glaucus
684 1423 766 1449 summa

24 1475 128 1528 religione
150 1467 260 1517 'colebatur
277 1477 379 1528 tempore,
400 1489 448 1516 cum
468 1475 560 1516 nondum
576 1478 634 1517 ortus
650 1479 705 1518 esset
720 1491 766 1518 mos

26 1543 76 1585 deos
91 1543 176 1597 templis
192 1545 229 1584 aut
244 1543 286 1584 aris
302 1542 415 1584 exstructis
426 1543 528 1584 uenerari.

90 1622 163 1664 Etiam
186 1637 233 1664 cum
255 1621 367 1664 Melicerta
389 1621 556 1675 coniungebatur
572 1621 664 1664 Clauous
679 1623 714 1664 vel
728 1623 765 1674 ita,

24 1694 48 1732 nt
68 1690 124 1732 idem
144 1689 295 1741 haberentur⁷‚
314 1690 348 1732 rel
365 1690 402 1741 ita,
418 1693 441 1731 ut
456 1704 528 1731 amore
543 1689 659 1732 lllelicertae
676 1690 766 1744 captusS

24 1759 47 1800 in
68 1774 126 1801 mare
149 1774 171 1801 se
193 1759 339 1813 praecipitasse
359 1758 508 1812 perhiberetur
526 1757 627 1809 Glaucusq
642 1759 684 1800 iam
702 1774 766 1813 supra

24 1828 98 1869 monui
124 1828 180 1880 apud
202 1826 332 1868 Clementem
357 1819 525 1868 Alexandrinum
547 1827 648 1880 scriptum
675 1827 766 1868 inveniri

25 1895 127 1937 Glaucum
143 1895 165 1935 iu
180 1894 283 1935 honorem
298 1894 415 1936 Melicerta
431 1894 455 1933 τὰ
468 1891 553 1948 Ἴσθμια
567 1894 691 1936 instituisse.

95 2043 101 2061 ¹
113 2046 143 2076 on·
155 2044 238 2075 Simonid.
251 2044 271 2073 fr.
285 2045 306 2074 84
318 2040 384 2081 Bergk4
397 2041 414 2075 ot
425 2054 443 2075 τε
451 2041 501 2075 aliar
510 2040 604 2083 Plataea,
614 2039 709 2089 Κορίνθιον
718 2041 765 2083 tero,

25 2103 111 2149 νέμοντες.
598 2149 600 2152 .

94 2168 100 2187 ²
112 2172 163 2211 Apud
175 2171 228 2201 Glem.
241 2171 289 2200 Alex.
302 2160 365 2199 Stroth.
378 2170 387 2199 Ι
399 2170 419 2199 21
432 2179 449 2207 p.
463 2170 495 2199 401
508 2170 567 2199 Potter
580 2169 664 2207 scriptum
677 2170 704 2198 est
714 2168 766 2198 Glau-

26 2237 65 2258 cum
78 2228 153 2258 Isthmia
164 2228 183 2257 in
194 2227 279 2257 honorem
292 2226 384 2256 Melicerta
396 2226 498 2255 instituisse.

93 2292 99 2311 ³
111 2295 141 2326 ofr
154 2295 211 2326 Schol.
224 2294 273 2324 Pind.
287 2294 312 2325 Ol.
325 2293 367 2323 nur
380 2303 395 2323 v.
408 2295 428 2323 98
442 2295 459 2322 et
472 2293 529 2322 Sehol.
541 2293 562 2323 n.
575 2289 588 2323 Z
601 2302 616 2323 r.
630 2294 667 2323 155.

93 2350 143 2383 Ἧι·
155 2353 214 2392 Steph.
227 2353 267 2390 Byr.
280 2361 296 2382 r.
309 2347 394 2383 Μύλασα,

96 2406 133 2439 5R.
146 2409 253 2440 Gadechens
266 2418 281 2439 o.
295 2410 305 2438 l.
318 2417 334 2446 p.
349 2409 380 2438 188
393 2416 418 2445 sq.

94 2462 164 2497 ‘⁵Paus.
177 2466 200 2496 VI
212 2467 239 2505 20,
252 2467 280 2496 19.

94 2518 100 2538 Τ
112 2522 186 2552 Nicanor
199 2523 246 2562 apud
258 2522 322 2552 Athen.
334 2521 366 2552 VII
379 2522 410 2551 296
420 2521 436 2550 d.

94 2574 101 2594 ⁸
113 2579 190 2615 Hedylns
203 2578 249 2617 apud
261 2578 323 2607 Athen.
336 2577 368 2607 VII
380 2577 412 2607 297
422 2586 436 2606 a.
