1759 2836
122 91 160 128 14⁶.)

92 202 162 244 locum
185 203 276 255 duxisse,
298 205 361 256 atque
383 201 487 256 religione
509 201 603 243 omnium
623 203 769 243 consecratum
787 214 832 242 esse

93 285 265 324 unumquemque
280 269 439 312 Corinthiorum
453 269 487 312 vel
502 269 636 321 advenarum,
652 269 688 322 qui
703 284 725 311 se
739 269 769 311 ihi
784 284 833 324 per-

93 338 149 380 iurio
164 339 304 388 astrinxisset,
320 337 377 392 nullo
393 338 456 379 modo
470 352 560 391 poenam
572 340 651 379 certam
662 337 755 391 effugere
764 352 834 391 posse.

93 405 146 447 Haec
162 405 234 448 omnia
247 405 265 447 si
280 405 393 459 diligenter
408 405 571 456 consideramus,
586 405 633 447 fieri
643 414 686 447 non
695 407 772 458 potest,
783 405 834 457 quin

94 473 140 515 duae
156 488 189 515 res
204 472 315 526 inprimis
330 473 521 514 animadvertendae
536 472 657 529 rideantur:
676 471 796 513 Melicertes
811 472 834 513 iu

95 541 152 582 cultu
172 540 276 582 artissime
293 554 340 581 cum
354 539 454 594 Neptuno
471 540 644 593 coniungebatur,
660 542 681 582 et
697 538 833 590 omniafere,

95 623 142 661 quaa
158 609 182 649 de
198 607 256 649 cultu
272 608 322 658 eius,
339 607 406 660 qualis
421 608 492 657 fuerit,
508 607 594 660 cognita
608 607 717 658 habemus,
732 606 834 648 eiusmodi

95 677 161 726 erant,
181 677 204 715 ut
219 675 246 715 ad
260 689 364 715 summanr
378 674 536 715 similitudinem
553 675 677 716 accederent
692 689 770 726 eorum,
787 688 833 727 quae

94 744 117 783 in
134 742 237 783 honorem
253 741 286 783 dei
301 741 364 783 inferi
379 741 414 783 rel
427 742 499 783 herois
514 741 561 783 fieri
576 741 693 785 solebantl.
716 742 751 784 Ad
766 742 834 784 socie-

94 810 145 851 tatis
159 809 273 861 rinculum,
290 824 330 862 quo
347 824 393 850 cum
407 808 509 862 Neptuno
525 809 693 863 coniungebatur
707 810 834 860 Melicertes,

96 891 143 918 cum
164 876 205 918 alia
219 876 344 930 spectabant
358 877 431 928 multa,
448 877 502 918 sicut
516 876 558 918 iam
576 892 639 930 supra
653 877 732 928 monui,
747 880 792 919 tum
807 878 835 927 id,

96 945 151 997 quod
174 944 237 986 simul
259 959 306 986 crim
329 947 396 985 matre
417 945 486 986 nautis
507 945 529 985 in
544 945 598 986 mari
612 944 758 986 laborantibus
774 960 835 997 opem

95 1012 151 1053 ferre
167 1010 312 1054 stertebant
343 1010 394 1060 Quae
410 1026 457 1052 cum
472 1012 503 1052 ita
518 1011 567 1062 sint,
582 1026 625 1053 non
639 1027 724 1066 possum
738 1013 836 1065 equidem

96 1079 137 1120 fisa
152 1079 256 1130 assentiri,
273 1079 308 1132 qui
324 1081 449 1120 censuerunt
465 1078 588 1120 Melicerten
601 1079 661 1120 illum
671 1080 760 1121 eundem
770 1080 835 1121 uisse

96 1161 121 1187 ac
136 1147 198 1187 deum
217 1147 323 1200 πολιοῦχον
339 1145 396 1186 urbis
412 1145 470 1199 Tyri,
486 1160 548 1198 quem
564 1146 656 1199 Melqart
672 1147 777 1189 vocabant
792 1147 835 1200 Ty-

96 1214 131 1263 rii3
147 1214 211 1255 immo
227 1228 277 1255 vero
292 1213 413 1255 Melicertes
429 1214 479 1254 deus
495 1228 543 1254 vere
558 1214 639 1266 patrius
655 1215 677 1255 in
691 1213 772 1256 isthmo
784 1218 835 1265 erat,

98 1281 133 1333 qui
153 1281 201 1322 loco
223 1280 296 1321 cedere
311 1279 412 1334 Neptuno
428 1282 513 1321 coactus
530 1284 567 1331 est,
584 1281 654 1322 divino
670 1284 741 1322 tamen
755 1281 836 1323 honore

97 1362 163 1400 usque
186 1348 212 1388 ad
234 1349 328 1388 extrema
350 1350 446 1400 tempora
468 1347 620 1400 imperatorum
640 1347 785 1390 Romanorum
806 1349 836 1390 ibi

96 1414 212 1456 fruebatur.
243 1413 302 1455 Sicut
315 1413 428 1467 Neptunus
443 1414 562 1456 recentiore
577 1417 640 1456 aetate
655 1416 686 1456 ita
695 1416 771 1469 priscis
781 1420 836 1457 tem-

96 1482 183 1536 poribus
198 1481 319 1523 Melicertes
333 1485 357 1523 ut
372 1482 422 1523 deus
438 1481 502 1522 maris
516 1485 592 1535 potens
605 1480 709 1524 Isthmum
720 1483 836 1534 obtinebat,

98 1552 119 1590 et
139 1551 213 1602 postea
234 1564 324 1602 quoque,
345 1564 392 1590 cum
410 1549 452 1590 iam
467 1551 537 1591 totum
551 1547 655 1591 Isthmum
669 1550 770 1605 Neptuno
786 1565 836 1592 con-

98 1617 202 1668 cessisset,
219 1631 265 1669 quae
280 1617 311 1657 ibi
326 1616 412 1667 fiebant,
428 1616 448 1658 ei
463 1617 522 1658 cordi
532 1632 578 1659 esse
589 1617 732 1676 crediderunt;
743 1618 770 1660 ob
779 1633 836 1660 eam-

98 1699 138 1736 que
153 1698 198 1725 rem
212 1682 277 1734 Nero,
294 1698 341 1724 cum
355 1684 377 1724 in
393 1698 417 1725 eo
434 1686 495 1734 esset,
510 1686 534 1725 ut
544 1683 647 1726 Isthmum
657 1685 784 1738 perfoderet,
794 1701 837 1727 non

98 1751 166 1792 solum
188 1749 311 1803 Neptunum
333 1749 520 1804 Amphitritenque
541 1754 653 1793 veneratus
675 1754 707 1793 est
722 1752 758 1793 sed
774 1752 837 1794 etiam

98 1818 120 1859 in
140 1817 244 1858 honorem
264 1817 382 1859 Melicerta
403 1817 518 1870 matrisque
540 1819 584 1859 eius
606 1833 690 1860 carmen
710 1819 777 1860 “haud
792 1835 837 1861 ma-

99 1887 175 1937 gnum“
193 1884 307 1926 cautaritt.
329 1884 359 1926 At
374 1886 392 1926 si
407 1886 453 1938 quis
469 1886 551 1940 quaerit,
562 1886 617 1926 unde
632 1886 654 1926 in
665 1884 769 1928 Isthmum
779 1887 837 1940 prin-

100 1952 155 2005 cipio
179 1952 261 1992 venerit
284 1952 352 1993 cultus
373 1951 497 2004 Melicerta,
521 1954 727 1994 commemorandum
749 1956 781 1994 est
803 1955 838 1995 rix

100 2020 214 2072 quidquam
234 2034 272 2073 pro
293 2022 351 2061 certo
365 2020 388 2061 in
402 2021 442 2062 hac
457 2035 480 2061 re
496 2020 616 2062 confirmari
630 2034 699 2074 posse,
716 2020 786 2061 omnia
801 2035 838 2062 au-

99 2089 149 2137 tem,
165 2102 211 2139 quae
227 2087 317 2128 fabulati
332 2090 380 2128 sunt
394 2088 530 2141 posteriores,
545 2102 583 2128 nos
598 2087 621 2128 in
635 2086 802 2137 Boeotiamnon
816 2088 838 2128 in

99 2153 221 2195 Phoenicen
236 2154 318 2195 clrrcere.
347 2152 386 2205 lbi,
403 2155 421 2196 si
435 2154 512 2196 fabulis
529 2154 655 2196 credendum
670 2157 708 2205 est,
719 2153 838 2196 Melicertes

170 2290 175 2308 ¹
188 2292 217 2321 Osi·
230 2292 272 2321 Stat.
285 2292 339 2321 Theb.
352 2292 375 2321 11
387 2301 402 2322 v.
416 2293 437 2321 11]
450 2292 508 2321 tristes
521 2307 542 2311 —
551 2307 572 2311 -
581 2306 602 2311 -
615 2291 716 2320 Palaemonis
730 2301 774 2323 aras.

169 2345 267 2386 lupence.
279 2347 323 2377 Bibl.
335 2347 362 2376 ΙΙΙ
375 2348 395 2377 28
407 2348 487 2385 Wagner3
501 2348 552 2377 Anth.
565 2347 600 2376 Pal.
612 2346 685 2384 r11643
698 2348 738 2386 2233
751 2349 783 2379 349
793 2349 838 2378 alibi.

100 2404 141 2434 Eur.
153 2404 192 2442 Iph.
206 2404 257 2433 Taur.
271 2412 287 2435 r.
299 2404 331 2433 270
344 2412 370 2441 sq.
394 2405 436 2434 suu.
449 2404 490 2433 Silr.
503 2402 557 2442 1112,
570 2404 590 2434 39
604 2412 630 2441 sq.

170 2456 207 2490 3Ε.
222 2460 298 2499 Wilisch,
316 2460 347 2489 Die
363 2460 418 2497 Sagen
433 2469 449 2490 v.
462 2460 536 2489 Korinth
549 2460 594 2489 nach
605 2460 653 2489 ihrer
665 2461 723 2497 gesch.
736 2461 839 2498 Bedeutuug

102 2516 127 2553 (N.
140 2516 200 2545 Jahrb.
213 2515 241 2545 fiir
254 2516 304 2545 class.
317 2516 378 2545 Philol.
391 2526 407 2546 u.
420 2517 464 2546 Pau.
478 2515 539 2546 curn
553 2514 601 2551 1818]
613 2517 644 2546 116
654 2525 678 2554 sq.
683 2527 687 2554 3
696 2517 715 2546 E.
725 2517 799 2556 Curtius,
809 2517 838 2547 Gr.

102 2572 164 2602 Gesclr.
177 2572 186 2600 1
198 2574 227 2609 411;
240 2572 260 2601 E.
272 2572 336 2610 Meyer,
350 2571 412 2601 Ges'ch.
426 2573 441 2603 d.
454 2573 527 2602 Alterth.
539 2572 548 2601 1
560 2580 577 2609 p.
590 2572 631 2610 2313
643 2572 661 2602 Il
673 2582 691 2611 p.
705 2575 741 2603 146.

169 2625 176 2643 ⁴
190 2628 304 2659 Pseud-Luh.
317 2629 328 2658 l.
341 2637 354 2658 s.
367 2628 378 2657 I.
403 2628 433 2657 Oh·
445 2628 480 2659 Ael.
493 2628 545 2658 Arist.
558 2628 585 2659 Or.
598 2628 625 2657 ΙΠ
637 2638 654 2666 p.
667 2630 688 2659 16
701 2629 779 2660 Dindorl.
