1759 2836
95 110 133 143 182

133 216 220 266 Quando
242 222 277 261 aid
298 234 339 272 qrra
357 220 382 261 de
398 235 461 262 caina
476 221 580 263 Corinthii
595 220 692 263 Medeam
706 220 801 261 venerari

66 285 183 338 inceperint
198 290 234 328 aut
250 287 353 339 qiromodo
369 288 412 329 vim
422 288 514 330 divinam
525 289 569 331 eius
579 288 685 340 finxerint,
696 303 750 329 nunc
760 303 801 329 non

67 353 117 393 satis
133 356 226 407 apparet.
253 353 351 407 Namque
370 355 392 396 id
411 355 479 397 solum
497 356 599 398 traditum
613 358 644 397 est
659 355 755 397 Medeam
769 355 802 396 fa-

66 434 122 461 mem
137 435 149 461 a
164 420 277 462 Corinthiis
296 422 385 475 piaculis
401 422 471 464 Cereri
487 426 508 464 et
521 423 619 477 nymphis
634 423 727 465 Lemniis
741 423 803 463 factis

67 502 216 530 averruncassc
238 490 367 543 eandemque
389 490 484 532 Corinthi
502 491 610 533 blanditiis
629 490 685 533 Iovis
703 490 804 532 lunonem

67 556 156 596 veritam
175 556 284 609 restitisse,
303 558 329 599 ob
348 573 435 611 eamque
454 573 499 599 rem
517 558 596 600 cultum
610 559 701 600 filiorum
717 559 804 600 (luorum

68 648 94 652 -
109 638 158 664 nam
178 627 210 665 tot
230 624 329 666 habuisse
351 640 397 666 eam
415 625 518 679 principio
538 626 640 667 creditum
659 629 690 668 est
708 651 734 656 —
750 626 804 679 apud

68 691 188 733 Corinthios
208 692 299 745 impulsu
321 692 405 735 lunonis
429 694 566 735 constitutum
589 708 640 736 esse.
673 694 707 735 Ex
729 694 805 747 quibus

69 760 192 801 concludere
210 775 321 813 possumus
337 761 442 803 exstitisse
458 762 513 815 apud
528 760 650 804 Corinthios
664 762 749 813 famam,
765 777 806 815 qna

67 827 174 881 proditum
188 831 233 869 erat
242 827 340 870 Medeam
354 828 429 870 ritibus
445 829 510 870 sacris
525 829 628 871 inst'tutis
644 829 744 871 rairnilinnr
758 829 806 870 arbi

68 894 141 936 tulisse
163 898 183 936 et
204 896 291 936 eandem
312 895 407 937 intimam
422 897 525 937 rationem
540 895 639 938 habuisse
655 911 701 937 cum
716 895 805 946 lunone;

70 977 115 1015 cauae
132 963 201 1003 omnia
215 963 238 1004 iu
254 963 327 1017 primis
343 963 425 1005 collatis
440 963 473 1014 iis,
489 978 535 1017 quae
552 963 617 1005 tradit
627 963 750 1005 scholiastes
761 963 805 1005 En-

69 1030 149 1083 apicis,
167 1030 244 1071 indicio
263 1045 308 1072 esse
323 1031 376 1072 mihi
392 1031 489 1073 ridentur
506 1031 603 1073 Medeam
618 1046 704 1073 numero
720 1032 805 1073 dearum

68 1098 163 1139 habitam
179 1113 224 1140 esse
240 1097 341 1140 Corinthi.

137 1176 211 1217 Medea
232 1178 258 1218 ad
279 1178 424 1230 antiquissima
442 1180 539 1230 tempora
554 1178 593 1219 dea
607 1177 717 1218 referenda
732 1180 770 1228 est,
787 1180 807 1219 et

70 1244 205 1296 ominatae,
222 1259 267 1297 qua
284 1245 308 1286 ad
325 1245 404 1286 cultum
419 1245 462 1287 eins
479 1244 611 1286 Corinthium
621 1245 762 1297 pertinebant,
771 1247 807 1286 aut

71 1312 176 1353 oblivione
199 1312 275 1353 obruta
297 1315 333 1353 airt
355 1328 367 1353 a
388 1312 456 1365 poetis
473 1312 537 1365 epicis
553 1314 573 1353 et
588 1311 682 1365 tragicis⁷
695 1312 717 1352 in
733 1311 807 1365 primis

71 1380 96 1421 ab]
111 1379 219 1433 Euripide,
236 1383 317 1421 mutata
332 1383 386 1431 sunt
401 1383 425 1421 ut
439 1383 488 1434 post
504 1395 539 1421 eos
551 1380 587 1421 vir
602 1380 712 1433 quisquam
731 1380 806 1421 divinae

71 1447 158 1501 originis
181 1448 224 1489 eius
245 1447 388 1496 meminerit¹;
411 1447 505 1489 venefica
523 1447 560 1487 illa
575 1450 620 1488 tum
635 1446 692 1487 facta
707 1450 744 1497 est,
761 1461 807 1499 quae

71 1531 83 1555 a
98 1514 162 1556 nullov
170 1515 249 1556 scelere
263 1514 378 1556 abhorrens
392 1529 440 1556 suos
450 1514 515 1568 ipsius
526 1514 605 1555 liberos
615 1513 763 1555 interfecisset.
786 1512 809 1555 si

71 1583 136 1636 igitur
150 1583 243 1624 maxima
258 1597 283 1624 ex
297 1585 357 1636 parte
372 1582 534 1624 ratiocinatione
548 1581 756 1623 statuimnsMedeam
768 1580 808 1622 Co-

72 1650 138 1691 rinthi
158 1650 235 1691 cultam
249 1650 320 1700 tuisse,
339 1665 402 1691 unum
418 1653 488 1690 tamen
504 1652 541 1698 est,
558 1649 614 1701 quod
630 1649 692 1689 hancr
703 1648 809 1689 coniectu-

71 1732 117 1758 ram
130 1718 174 1758 veri
191 1718 319 1759 simillimam
330 1717 400 1759 faciat.
425 1716 482 1758 Nam
492 1718 510 1758 si
521 1716 642 1769 diligentius
653 1716 809 1757 consideramus

141 1865 146 1884 ¹
159 1868 185 1898 Ad
197 1868 287 1905 antiquum
300 1866 386 1905 qneiidam
395 1866 460 1896 cultum
470 1866 548 1903 spectare
557 1864 625 1894 ridetur
633 1863 729 1900 Hesychius
738 1863 765 1893 his
772 1871 809 1892 vcr-

72 1926 107 1956 bis:
125 1920 256 1967 {losantanas
274 1920 290 1955 οἱ
303 1920 375 1966 ἀνέμους
388 1919 499 1965 κοιμίζοντες.
512 1919 561 1964 γένος
575 1917 593 1951 it:
605 1917 682 1951 τοιοῦτόν
694 1929 745 1963 onnia
757 1917 810 1962 ὑπάρ-

73 1992 110 2025 χειν
122 1978 139 2012 ὲ)
152 1976 240 2025 Rapiat-(p,
254 1988 290 2018 quae
304 1978 363 2018 uerba,
375 1979 395 2008 nt
407 1987 438 2017 per
450 1986 468 2007 se
486 1977 529 2006 nihil
541 1976 614 2006 attinent
627 1976 648 2005 ad
663 1977 728 2005 cultum
740 1975 810 2014 Medeae,

72 2039 96 2069 ita
109 2038 160 2068 aliam
172 2046 213 2067 saue
226 2037 260 2067 nim
274 2036 365 2075 accipiunt,
377 2035 392 2065 si
404 2034 516 2065 conternntur
525 2043 565 2063 cnm
573 2034 600 2072 iis,
608 2041 645 2070 cina
655 2033 700 2070 apud
706 2032 810 2062 Pausaniam

73 2097 138 2135 scripta
153 2096 194 2125 sunt
211 2095 232 2124 de
247 2095 282 2124 iila
297 2093 382 2132 sollemni,
395 2101 446 2131 [larem
459 2092 524 2121 Titania
539 2091 606 2120 colebat
621 2090 701 2119 sacerdos
713 2091 810 2119 ventorum.

73 2153 136 2183 Narrat
147 2153 193 2182 enim
208 2151 302 2181 Pausanias
316 2150 339 2186 [II
352 2150 378 2189 12,
391 2148 407 2185 1)
420 2149 469 2178 illum
482 2148 558 2178 carmina
571 2147 648 2185 qiraedam
662 2146 729 2183 magica
738 2145 759 2174 ad
767 2146 810 2174 tem-

73 2211 150 2250 aestates
163 2210 254 2238 ventorum
266 2207 351 2237 sedandas
364 2206 381 2235 in
393 2206 477 2235 honorem
489 2205 553 2234 Medea
566 2203 656 2241 cecinisse;
665 2212 684 2232 ac
694 2210 732 2231 mea
741 2202 810 2239 (irridens

74 2268 153 2307 opinione
166 2265 240 2296 dirbitari
252 2273 286 2293 non
298 2264 361 2302 potest,
374 2262 414 2300 quin
426 2261 514 2291 uinculum
527 2260 613 2290 socletatis
626 2258 678 2289 fuerit
686 2258 731 2288 inter
739 2266 764 2298 ea,
774 2267 810 2296 qua

73 2326 90 2354 in
102 2324 167 2355 sainna
179 2324 270 2352 vexatorum
282 2319 367 2359 placanda
378 2319 459 2349 sacerdos
468 2317 572 2347 Titaniensis
581 2316 660 2355 faciebat,
669 2317 686 2344 et
694 2316 759 2354 partes,
766 2323 809 2352 (iniis

75 2381 148 2418 agebant
161 2376 272 2422 ἀνεμοκοῐται
284 2376 309 2405 1111
321 2375 367 2415 apim
380 2374 482 2412 Corinthios,
495 2375 512 2402 et
524 2373 569 2402 sicut
582 2372 603 2402 ab
615 2372 645 2401 illo
656 2371 810 2400 incantamentum

74 2439 158 2468 honorem
170 2435 234 2465 iresca
247 2433 324 2464 adhibita
336 2434 390 2470 erant
402 2432 426 2460 ita
439 2430 474 2460 veri
486 2429 594 2460 simillimum
607 2430 633 2459 est
645 2428 677 2457 hos
690 2436 759 2467 quoque
771 2436 811 2456 eum

74 2494 135 2524 Medea
154 2491 251 2522 cohaesisse.
274 2490 335 2528 Itaque
350 2487 447 2525 Hesychius
465 2486 522 2515 verbis
541 2485 577 2515 suis
589 2485 624 2514 uim
637 2484 712 2514 divinam
725 2484 811 2522 quandam

74 2549 152 2589 pristinis
170 2547 278 2586 temporibus
290 2545 354 2574 Medea
367 2545 414 2583 apud
426 2542 524 2572 Corinthios
537 2543 647 2579 eoirfinesque
663 2549 723 2570 eorum
736 2541 811 2570 additam

75 2615 114 2635 esse
127 2604 186 2642 riperit,
208 2603 237 2632 Oh
251 2598 350 2644 Εὑῧάνεμος
364 2600 410 2638 apud
422 2598 535 2628 Athenienses
548 2598 610 2627 cultus.
634 2596 811 2636 erramina&

74 2663 88 2691 1,
101 2661 186 2699 Toepffer¹
199 2661 233 2688 aa.
247 2658 339 2694 Genealog.
352 2666 368 2695 pl
382 2657 412 2684 111
426 2664 452 2692 sq.
