1759 2836
740 51 765 85 95

122 157 194 199 Cultus
215 156 338 210 Aesculapii
359 157 415 210 apud
433 156 553 199 Corinthios
568 157 627 199 nulla
641 158 702 200 laude
717 158 793 212 pracci-

53 240 95 279 pua
116 225 213 268 floruisse
233 225 326 274 uidetur.
363 222 435 266 Unum
456 227 539 267 tantum
560 225 670 280 templum,
693 230 793 279 quantuni

53 294 151 347 equidem
174 293 282 346 cognitum
304 292 380 342 habeo,
403 292 438 334 hic
462 293 512 335 deus
532 294 555 335 in
574 294 622 347 ipsa
642 294 694 335 urbe
713 294 793 346 habuit,

53 362 109 415 quod
123 363 183 403 iuxta
198 360 260 411 riam,
277 375 323 413 quae
340 375 366 402 ex
380 360 427 402 foro
438 359 551 415 Sicyonem
562 362 659 414 ducebat,
670 362 793 404 situmerat.

52 427 105 470 Eius
124 427 199 481 templi
217 427 332 470 Pausanias
347 428 426 470 talibus
442 429 511 470 verbis
526 444 576 471 usus
591 430 721 471 mentionem
735 429 793 482 facit,

52 499 75 537 ut
96 495 200 548 suspicari
220 495 283 536 liceat
301 496 406 537 rationem
421 497 526 549 quandam
540 496 667 550 Aesculapio
684 497 794 539 Corinthio

53 578 101 604 cum
120 561 170 604 love
188 562 342 614 intercessisse3
359 564 415 617 quod
430 564 580 605 commercium
595 564 689 606 cultuum
703 565 794 606 fortasse

52 630 116 671 etiam
132 629 225 683 Megaris
240 631 347 673 invenitur
355 630 367 672 ¹.
393 630 418 673 ln
431 631 512 684 templo
527 630 650 685 Aesculapii
660 632 721 686 signa
731 636 752 674 et
760 633 794 674 dei

51 696 117 750 ipsius
140 699 161 739 et
184 697 261 751 Hygiae
284 698 373 740 inerant.
403 697 490 740 Nummi
511 698 622 750 Corinthii,
643 699 679 753 qui
697 699 793 741 adhunc

52 764 132 806 cultum
154 768 257 819 spectant,
280 769 301 808 et
321 766 471 820 Aesculapium
493 766 562 808 solum
581 769 602 808 et
616 766 710 821 Hygiam
726 767 792 808 solam

52 835 73 873 et
94 833 198 886 imagines
223 833 333 875 amborum
355 849 397 875 una
418 834 499 886 positas
522 833 628 886 p1'aebent3
652 835 794 888 antiquissimi

51 900 201 954 Aesculapium
224 901 292 943 solum
314 901 400 943 habent.
431 901 641 943 Commemoraudum
661 905 699 953 est,
719 917 793 955 quam]-

52 983 115 1021 quam
140 983 184 1010 non
208 969 239 1010 ita
260 969 350 1010 multum
372 983 398 1010 ex
419 968 503 1009 silentio
525 969 617 1010 auctoris
639 969 693 1010 coici
715 972 792 1022 potest,

50 1035 131 1076 nullam
152 1036 282 1077 mentionem
305 1036 360 1088 apud
383 1034 510 1077 Pausaniam
532 1036 557 1076 de
578 1035 687 1077 societatis
703 1037 794 1089 quodam

51 1102 135 1144 vinculo
150 1102 207 1143 inter
222 1102 290 1144 cultus
305 1102 411 1156 Apollinis
428 1105 449 1143 et
463 1102 586 1155 Aesculapii
602 1103 657 1156 apud
673 1102 794 1145 Corinthios

51 1171 194 1212 intercedente
215 1170 268 1211 fieri.
298 1169 357 1211 ldem
379 1172 436 1211 recte
460 1169 501 1211 dici
523 1172 594 1223 potest
617 1171 642 1211 de
665 1170 728 1221 cultu,
752 1186 793 1223 quo

52 1237 165 1279 Cenchreis
180 1237 291 1278 fruebatur
305 1237 450 1291 Aesculapius.
480 1236 514 1278 lbi
530 1252 613 1290 quoque
628 1237 664 1278 hic
678 1238 728 1279 deus
738 1240 793 1279 tem-

51 1306 109 1359 plum
131 1304 231 1355 habebat,
251 1305 307 1358 quod
322 1304 344 1345 in
358 1303 414 1345 mole
429 1307 503 1357 portus
518 1319 560 1345 una
575 1319 622 1345 curu
636 1304 717 1358 templo
731 1303 793 1346 lsidis

51 1373 144 1426 positum
159 1375 214 1420 erat;
231 1386 319 1424 quorum
335 1372 444 1412 numinum
456 1371 626 1413 coniunctionem
635 1386 793 1424 nonnumquam

52 1440 117 1481 etiam
131 1439 177 1480 aliis
192 1439 245 1480 locis
260 1439 351 1480 inveniri
366 1438 422 1480 infra
437 1439 593 1480 demonstrabo.
614 1438 708 1492 Hygiam
723 1443 793 1480 autem

7 1536 9 1538 -
52 1506 165 1548 Cenchreis
180 1518 222 1547 una
237 1521 285 1547 cum
299 1505 427 1558 Aesculapio
443 1506 520 1546 cultam
536 1505 601 1546 fuisse
611 1505 739 1546 haudfacile
748 1520 793 1547 cre-

52 1574 147 1624 diderim,
169 1587 259 1626 namque
277 1573 312 1614 hic
330 1572 374 1613 Isin
390 1572 567 1626 complementum
582 1572 685 1613 muliebre
699 1572 794 1614 habebat

53 1638 103 1683 deus
124 1638 221 1690 noster&
245 1642 399 1693 argumentum,
421 1654 462 1692 spuo
481 1639 511 1680 ibi
527 1639 605 1680 cultam
619 1639 684 1680 tuisse
699 1639 793 1693 Hygiam

53 1707 212 1760 comprobatum
228 1706 273 1749 vult
288 1705 419 1757 Teranei-³,
440 1706 494 1748 nihil
507 1706 550 1747 tale
566 1706 638 1757 efficit,
654 1708 793 1759 nequeenim

53 1775 80 1815 ad
95 1773 221 1824 Cenchreas,
236 1776 321 1827 portum
337 1772 440 1824 Corinthi,
452 1774 489 1815 sed
499 1773 524 1814 ad
536 1772 661 1824 Cenchreas⁷
671 1774 793 1827 oppidulum

122 1932 127 1952 ¹
140 1936 191 1967 Paua.
203 1935 212 1965 I
224 1936 251 1975 40,
264 1936 278 1965 6.
297 1934 334 1965 Nou
348 1934 390 1964 satis
404 1936 482 1973 apparet,
495 1933 536 1972 quid
548 1941 568 1962 re
580 1941 622 1962 vera
634 1933 732 1971 significent
740 1934 793 1963 uerba

52 1993 128 2024 auctoris
145 1993 205 2032 nostri,
221 2000 258 2031 qnae
276 1992 314 2021 loce
332 1992 403 2021 laudato
421 1992 467 2029 sunt,
486 1991 517 2019 sed
535 1992 581 2019 certe
599 1990 623 2019 ita
642 1990 697 2028 accipi
713 1994 793 2030 possunt,

52 2052 72 2080 nt
89 2050 138 2087 signa
155 2047 255 2087 Aesculapii
271 2047 359 2085 etHygiae
371 2047 388 2076 iu
401 2047 466 2085 templo
479 2046 525 2075 loris
538 2042 601 2076 Korion
613 2046 671 2084 posita
683 2046 793 2076 1111110111ᾶί-

53 2114 91 2136 care
109 2105 206 2135 videantur.
230 2104 251 2134 In
267 2103 415 2142 comparationem
430 2102 490 2132 uocari
504 2104 579 2140 possunt
590 2101 670 2140 Iuppiter
682 2098 793 2141 Ἀσκληπιός

52 2161 149 2192 Hermiona
168 2160 192 2198 (O.
205 2160 219 2190 Ι,
232 2160 252 2190 G,
269 2158 318 2195 1193]
335 2160 352 2188 et
363 2158 447 2197 Epidauri
460 2154 506 2201 [³Ep.
519 2155 561 2201 ἀρχ.
574 2159 618 2187 1881
631 2155 668 2187 cal.
681 2159 702 2187 24
715 2159 746 2186 No.
759 2159 792 2197 65),

52 2217 131 2257 Iuppiter
146 2213 204 2249 fluida
219 2216 307 2246 ininsula
319 2215 379 2245 Rhodo
392 2214 473 2258 (Hesych.
486 2223 502 2242 v.
515 2210 585 2251 Παιάν),
598 2213 678 2252 Iuppiter
690 2210 793 2258 Τροφώνιος

52 2273 136 2304 Lebadeae
149 2273 212 2310 1811111),
225 2273 248 2302 IX
261 2274 302 2311 4143
314 2272 351 2302 Liu.
364 2271 407 2301 XLV
421 2272 447 2310 27,
460 2270 476 2307 8]
490 2270 536 2299 011111.
555 2270 613 2299 Etiam
625 2271 706 2306 Pergami
714 2271 793 2309 Iuppiter

52 2324 166 2373 Ἀσκληπιὸς
179 2329 267 2359 colebatur
286 2327 328 2364 (hel.
344 2328 396 2357 Arist.
409 2326 502 2363 01111).
516 2327 536 2355 64
549 2324 612 2361 Dindil.
636 2326 696 2363 Neque
708 2327 726 2355 in
738 2327 792 2356 Thea-

52 2385 96 2415 salia
108 2393 164 2423 neque
176 2385 194 2414 iu
206 2384 283 2414 maxima
295 2385 344 2423 parte
357 2382 473 2422 Peloponnesi
484 2381 503 2410 hi
515 2382 543 2410 dei
556 2381 643 2410 coniuncti
656 2382 762 2412 colebantur,

121 2447 288 2482 20011101101011111
301 2451 419 2489 Isia-Hygiam
432 2450 448 2479 in
461 2449 504 2478 Delo
518 2450 588 2478 cultam.
606 2449 651 2478 auu.
664 2449 685 2478 de
698 2457 742 2478 corr.
750 2450 791 2479 heli.

52 2508 75 2539 VI
87 2508 119 2538 339
132 2507 163 2538 No.
176 2508 202 2538 12.

121 2571 159 2604 ³Iu
172 2575 310 2612 Paury-wissoa.
324 2575 444 2611 Real-Euc5cl.
458 2574 476 2603 Π
489 2574 537 2604 16115.
