1759 2860
113 92 132 118 IV

85 192 130 230 tum
147 203 185 242 per
203 187 278 229 harum
298 201 369 229 rerum
385 187 536 230 obscuritatem
551 188 683 241 fontiumque
698 189 823 230 tenuitatem

85 256 150 307 licuit,
178 256 264 297 definire
291 257 377 296 conatus
405 270 460 305 sum;
486 256 603 297 alienorum
625 258 695 297 autem
717 270 823 297 sacrorum

85 323 190 365 rationem
211 322 295 364 omnino
315 336 358 363 non
379 320 451 373 halani,
468 323 509 364 nisi
527 323 554 363 ad
569 323 637 364 cultus
660 322 823 374 Corinthiorum,

86 390 238 443 Sicyoniorum,
254 388 396 430 Phliasiorum
409 390 566 443 cognoscendos
578 389 634 431 eain
645 391 824 444 comparationem

86 458 157 498 vocari
171 456 273 497 interfuit.

153 523 187 565 Ad
202 526 319 565 extremum
333 522 386 564 milri
401 524 422 564 111
438 523 508 565 officio
524 525 562 574 est,
578 526 607 574 ut,
624 538 671 565 cum
683 524 724 565 hoe
735 538 824 577 opuscu-

86 591 130 632 lum
150 590 238 644 publici,
251 590 302 632 iuris
324 590 386 641 facio,
409 590 478 644 palam
499 591 578 644 gratias
600 605 663 643 agam
683 590 703 632 S.
723 590 825 645 Widio,

90 657 204 699 Professori
223 657 337 708 Lundeusi,
356 658 424 698 amico
443 660 505 709 atque
520 658 648 711 praeceptori
662 672 717 708 meo,
732 659 768 710 qui
782 673 825 699 non

87 724 154 766 solum
168 725 279 765 materiam
295 723 477 765 commentationis
493 724 581 776 eligenti
596 724 683 765 consilia
695 724 747 765 mihi
756 725 824 778 perite

86 791 288 844 suppeditantem
308 791 372 832 etiam
386 790 536 843 progrediente
551 790 625 833 labore
641 806 724 846 semper
739 807 824 845 operam

86 873 161 908 meam,
184 873 225 910 qua
247 860 278 899 est
301 872 351 910 erga
372 872 405 897 me
425 857 574 899 benevolentia
596 860 617 899 et
638 858 740 899 eiusmodi
754 873 825 899 rerum

87 925 180 976 scientia,
205 939 332 978 magnopere
360 924 445 965 adiuvit.
481 924 613 965 Permultum
638 939 688 966 sane
715 926 779 966 etiam
801 924 824 966 (l.

86 992 216 1042 noterio,
237 991 290 1033 Viro
310 990 439 1042 Clarissimo,
455 991 529 1041 debeo,
545 991 603 1032 cuius
619 1006 747 1044 quamquam
761 992 823 1033 disci-

86 1058 144 1112 plina
165 1059 196 1100 uti
214 1059 267 1099 mihi
287 1073 330 1099 non
350 1058 416 1108 licuit,
433 1060 453 1099 et
468 1058 550 1099 ratione
565 1073 603 1099 sua
619 1058 725 1111 discipulis
740 1058 825 1108 tradita,

87 1126 113 1166 ad
134 1140 196 1178 cluam
218 1128 238 1166 et
258 1126 303 1179 ipse
322 1139 356 1166 me
372 1124 482 1177 applicavi,
499 1127 520 1165 et
535 1125 634 1177 operibus
650 1126 699 1175 suis,
714 1125 736 1165 in
751 1125 824 1178 primis

87 1206 141 1232 nova
166 1192 257 1233 editione
282 1191 358 1244 prioris
384 1190 496 1232 voluminis
518 1190 659 1244 blytlrologiae
681 1191 825 1242 Prellerianae,

87 1273 125 1312 pro
140 1258 241 1311 magistro
258 1260 279 1299 et
294 1258 345 1299 duce
360 1257 413 1297 milri
427 1257 474 1298 tuit.
