1759 2836
109 102 148 138 180

80 213 159 254 cultum
181 209 280 252 habehat.
309 208 420 250 Postremo
442 207 482 251 lsis
504 210 526 250 in
548 223 635 251 numero
656 209 741 250 dearum
757 206 816 249 Grae-

79 295 150 321 carum
170 278 245 320 hahita
266 277 329 317 etiam
347 276 369 316 in
383 276 480 330 partibus
495 277 632 319 interioribus
648 275 742 327 Graeciae,
757 275 817 317 verbi

79 348 148 401 gratia
162 346 268 395 Phliunte
285 333 355 386 divino
370 343 452 386 honore
466 345 509 386 frui
524 346 600 399 coepit.

146 414 172 456 ln
192 411 346 455 Acrocorintho
367 409 413 463 Isis,
434 415 458 453 ut
480 413 523 454 iarn
544 413 622 463 monui,
638 410 728 463 Πέλαγία
744 413 765 452 et
779 407 817 450 Al-

79 485 149 535 γοπτία
164 480 312 535 cognominata
327 480 367 521 duo
383 479 471 521 delubra
485 480 589 531 hahebat3
605 480 717 522 Cenchreis
733 491 816 531 quoque

79 552 101 591 in
121 551 168 605 ipsa
187 548 243 590 mole
263 550 337 600 portus
352 548 455 601 templum
469 547 520 589 lsidi
536 551 682 590 consecratum
695 546 752 588 haud
766 560 816 599 pro-

80 619 114 660 cul
136 633 148 659 a
169 615 248 669 templo
270 614 393 668 Aesculapii
414 615 508 668 positum
523 618 574 657 erat,
603 615 652 657 Non
668 616 699 656 ita
713 629 761 656 raro
776 612 815 654 lsis

80 689 101 727 et
121 683 205 738 Sarapis
228 686 249 724 et
271 681 409 735 Aesculapius
430 682 452 723 in
473 683 531 724 cultu
552 683 658 725 coniuncti
672 682 815 737 reperiuntur3

79 754 137 795 velut
151 751 243 804 Aeginae,
257 749 279 791 in
295 750 371 803 oppido
386 748 474 792 Achaiae
483 750 496 801 ¹‚
512 750 624 793 simulacra
639 749 767 802 Aesculapii,
775 747 815 790 lsi-

80 820 117 870 dis,
133 818 240 871 Sarapidis
254 833 296 859 una
310 818 332 858 in
346 819 426 872 templo
441 817 547 871 Apollinis
562 819 632 873 posita
645 822 711 870 erant,
723 822 744 859 et
754 834 815 859 nurn-

79 902 125 929 nrus
147 886 211 939 Pagis
234 884 336 927 excusus²
362 885 422 939 signa
444 884 566 939 Aesculapii
588 889 609 927 et
629 885 690 927 Isidis
712 885 815 939 praehet3.

81 953 165 996 Cultum
184 952 245 995 Isidis
267 951 357 1006 Sicyone
378 967 461 1006 quoque
481 956 555 995 notum
569 953 635 995 fuisse
649 954 729 995 nummi
744 957 815 995 osten-

80 1022 137 1063 dunt.
167 1020 266 1063 Phliunte
288 1020 391 1074 ternplum
412 1021 505 1063 habehat
527 1020 573 1073 lsis,
593 1022 616 1063 in
634 1037 674 1074 quo
689 1023 744 1063 teste
759 1021 815 1079 Pau-

80 1089 139 1130 sania
160 1089 228 1130 inerat
250 1089 334 1141 signum
356 1089 407 1140 <leae³
430 1090 486 1141 quod
508 1090 651 1131 sacerdotibus
673 1090 723 1131 solis
744 1091 815 1131 videre

79 1156 111 1198 fas
133 1160 196 1206 essct3
220 1171 266 1210 quac
287 1172 320 1198 res
335 1157 485 1209 mysteriorum
499 1152 620 1201 inmodunr
636 1172 695 1198 sacra
709 1156 771 1198 Isidis
785 1157 816 1198 ibi

79 1227 202 1278 perpetrata
217 1239 262 1265 esse
278 1225 370 1266 ostendit
376 1224 390 1265 4.

147 1290 231 1346 Sarapis
250 1306 333 1345 quoque
349 1292 389 1334 (luo
405 1292 493 1333 delubra
507 1293 529 1333 in
543 1291 699 1334 Acrocorintho
714 1292 815 1342 habetne

79 1359 100 1399 in
115 1360 182 1401 altero
198 1374 270 1401 eorunr
285 1359 370 1400 nomine
385 1357 405 1399 ἐν
420 1356 513 1412 Κανώβῳ
528 1359 643 1410 colebatur,
658 1360 737 1401 utiam
752 1375 816 1413 supra

80 1427 158 1469 monui.

147 1493 234 1535 Nummi
254 1496 316 1535 aetate
334 1492 449 1535 Caracalla
465 1494 536 1535 excusi
551 1494 618 1535 cultus
633 1494 713 1536 honore
727 1494 813 1536 fraitun]

79 1576 124 1603 esse
140 1560 228 1615 Sarapin
244 1562 299 1615 apud
314 1560 424 1614 Sicyonios
439 1562 560 1611 ostenclunt;
575 1562 610 1615 qui
621 1562 688 1604 cultus
699 1577 723 1604 eo
734 1578 814 1605 merno-

79 1629 152 1671 rabilis
168 1633 206 1680 est,
222 1629 278 1683 quosl
292 1629 396 1670 rationein
411 1628 508 1682 Serapidi
518 1644 565 1670 curn
576 1630 615 1670 diis
626 1628 715 1671 inferis5
725 1628 814 1684 Sicyone

78 1696 223 1739 intercessisse
239 1697 305 1738 docet.

148 1811 153 1829 ¹
165 1814 216 1843 Pons.
229 1812 261 1841 VII
273 1812 300 1851 26,
313 1813 327 1842 ἵ.

148 1865 154 1885 2
166 1870 203 1899 The
215 1868 287 1899 Journal
300 1868 319 1897 of
329 1868 369 1897 hell.
383 1868 428 1898 stud.
440 1868 481 1897 vrri
494 1868 520 1897 50,

148 1922 190 1955 ³De
205 1926 238 1955 hoc
251 1924 355 1954 commercio
367 1924 457 1954 numinum
471 1924 549 1953 conferas
562 1925 614 1954 velim
627 1933 651 1964 eu,
664 1934 701 1964 quae
713 1926 785 1954 Drexler
796 1925 813 1954 in

78 1983 141 2012 nosen.
154 1982 195 2012 Lex.
209 1983 224 2011 d.
237 1982 302 2019 griech.
315 1991 331 2010 n.
344 1982 387 2011 r'onr.
400 1981 454 2017 Myth.
466 1980 484 2010 ΙΙ
497 1982 527 2010 531
541 1989 567 2018 sq.
580 1982 642 2011 attulit.

146 2035 154 2054 ‘¹
165 2038 247 2075 hlpsterio
265 2038 357 2067 Cenchreis
377 2036 467 2074 (Corinthi)
483 2046 552 2075 qnoque
564 2039 632 2076 partem
645 2037 699 2068 fuisse
710 2038 735 2067 rei
748 2039 813 2076 diriore,

79 2104 116 2134 quae
128 2096 145 2124 in
157 2096 241 2124 honorem
254 2094 305 2124 leidis
317 2094 375 2132 fiebat,
387 2093 471 2132 Apuleius
480 2094 531 2122 docet
540 2093 576 2130 [Oh
584 2094 697 2134 Schoemann‚
705 2094 734 2124 Gr.
741 2095 813 2124 Alterth.

78 2147 104 2180 H'2
117 2151 160 2187 4051.
185 2151 215 2181 Oh·
227 2159 276 2180 soora
288 2150 339 2180 Isidis
352 2149 437 2179 Tithoreae
450 2150 542 2188 celebrata,
554 2150 604 2180 Pecs.
617 2150 632 2179 X
645 2152 671 2190 32,
685 2152 704 2180 13
717 2159 742 2188 sq.

147 2205 195 2237 Ἧι·
206 2208 251 2238 Plnt.
263 2207 288 2236 De
300 2207 323 2236 Is.
337 2207 354 2235 et
367 2206 394 2236 Os.
408 2207 428 2236 27
441 2214 457 2243 p.
471 2207 502 2235 361
515 2206 533 2235 F,
