1759 2836
694 69 733 106 1113

21 179 89 222 nitum
111 178 174 221 volui.
203 178 315 232 Nusquam
336 178 394 230 111111,
416 180 472 232 quod
490 180 563 231 seiam
579 178 668 222 Coronis
683 180 763 222 nultum

20 247 104 298 habaiu
120 262 188 301 neque
204 247 260 289 enim
274 249 319 288 tam
334 250 431 288 accurate
447 248 555 301 cognitum
569 247 679 299 habemus,
694 248 762 301 qualis

21 315 86 356 fuerit
109 315 177 356 nultus
200 314 283 355 Titana
307 314 431 365 celebratus,
454 318 477 356 ut
500 315 626 357 contendere
650 315 762 357 audeamus

21 379 141 436 Κορωνίδας
156 381 277 435 παρθένους,
299 396 387 435 quarum
404 382 507 435 tempium
522 381 658 432 Orchomeni,
673 382 696 422 11
710 383 763 424 urbe

21 449 123 500 Boeotiae,
145 450 163 491 si
183 448 292 491 Antonino
312 448 421 491 Liberali¹
436 450 488 490 fides
503 449 600 491 habenda
615 452 654 500 est,
670 449 763 503 positum

22 520 73 568 erat,
89 517 155 558 artius
172 531 218 558 oum
235 516 345 567 Coronide,
355 519 423 558 matre
434 516 563 570 Aesculapii,
574 517 694 559 cohaesisse.
717 516 762 558 Has

22 585 77 626 enim
92 585 133 626 sibi
147 585 205 639 ipsas
220 587 310 626 mortem
325 585 347 625 in
361 585 464 626 honorem
480 585 566 626 deorum
581 585 698 627 inferorum
711 599 761 626 oon-

21 652 107 695 seiuisse
123 655 145 694 et
159 652 248 705 singuiis
264 653 323 694 annis
339 652 432 706 apueris
442 651 560 705 pueliisque
571 653 685 706 1111111111
692 652 761 695 hono-

21 723 78 762 ratas
94 735 139 762 esse
155 723 228 763 auctor
243 724 316 762 noster
329 721 402 772 refert,
414 735 460 777 quae
472 721 543 762 omnin
553 721 658 762 rationem
665 721 762 763 intimam

22 804 69 831 oum
84 789 123 830 diis
138 789 211 831 inferis
226 789 326 831 haliuisse
340 788 379 830 has
394 789 508 842 παρθένους
521 790 643 837 ostendum
658 790 713 843 quod
723 805 761 831 au-

21 859 64 897 tem
85 857 111 897 ad
132 856 258 898 Coronidem
275 856 419 898 Titaniensem
435 857 517 906 attinet,
532 856 586 897 nihii
600 856 707 910 proditum
723 860 761 908 est,

21 926 77 978 quod
99 927 171 978 aperte
194 925 291 967 ostendat
313 939 359 965 eam
379 924 402 965 in
422 938 509 965 numero
530 924 646 966 inferorum
663 925 758 966 habitam

22 1007 74 1034 esse.

21 1108 108 1147 persua-sit
125 1108 203 1138 diversas
222 1107 316 1137 Coronides
334 1106 438 1146 repetendas
457 1115 495 1136 esso
513 1107 534 1136 ab
550 1115 585 1136 uno
601 1107 623 1145 (p.
637 1107 675 1144 130]
689 1108 759 1138 numine

22 1164 125 1194 Thessaliae
138 1163 208 1201 originis
221 1164 243 1202 (p.
260 1163 304 1203 134)Ι
313 1163 359 1201 quod
367 1163 446 1192 intimam
455 1163 601 1193 necessitudinem
611 1172 649 1193 oum
659 1164 691 1193 diis
700 1164 760 1194 inseris

21 1221 117 1258 habuisset.
141 1220 185 1250 Mihi
197 1220 267 1258 quidem
280 1220 347 1250 acutius
360 1229 412 1258 quarn
420 1220 478 1249 uerius
487 1220 588 1249 conoiusum
597 1229 635 1250 esse
643 1221 676 1250 hue
685 1221 758 1260 ridetur,

22 1280 39 1306 et
52 1285 181 1315 nonnumquam
195 1276 227 1312 (ofr
239 1286 256 1315 pi
270 1277 301 1306 130
313 1276 364 1313 infra]
378 1276 511 1313 argumentandi
519 1276 569 1315 ratio,
578 1285 661 1314 (lrinusns
670 1279 697 1306 est
703 1277 759 1306 110111-

22 1333 56 1372 lan,
69 1333 106 1363 eins
118 1333 191 1362 forsitan
203 1333 231 1369 sit,
244 1332 274 1371 qui
286 1333 318 1362 sibi
331 1333 406 1362 max'nne
418 1333 498 1362 conscius
511 1333 555 1372 finis,
568 1341 602 1370 quo
614 1333 704 1371 pervenire
717 1334 761 1372 vult,

22 1398 63 1419 snas
74 1389 130 1428 ipsius
144 1405 163 1409 —
176 1389 198 1418 sit
210 1375 253 1418 1111111
265 1389 315 1418 venia
327 1389 380 1418 verbo
391 1389 510 1428 —opiniones
522 1398 554 1428 pro
567 1390 674 1427 argumentis
687 1389 760 1427 profert.

22 1445 46 1475 Ne
59 1454 93 1475 uno
106 1445 175 1483 quidem
188 1445 240 1474 verbo
253 1445 320 1475 cultum
333 1444 422 1474 Coronidis
435 1445 482 1483 apud
494 1445 602 1475 Titunionses
613 1445 712 1476 institutum
720 1455 760 1484 per-

22 1502 96 1541 stringit,
109 1503 126 1531 et
138 1502 208 1531 omnino
221 1503 288 1531 auctori
300 1502 341 1531 vitio
354 1502 431 1531 dandum
443 1503 475 1540 est,
487 1503 533 1539 qumi
541 1511 575 1531 non
583 1502 626 1532 satis
635 1511 660 1541 ea,
670 1512 706 1540 quae
715 1503 761 1540 apud

22 1561 83 1597 poetas
95 1560 169 1598 tantum,
183 1559 204 1588 ab
216 1559 242 1598 iis,
255 1567 292 1597 qnae
305 1559 322 1587 11
335 1558 382 1588 onitu
394 1559 492 1597 posteritati
505 1559 568 1589 tradita
581 1561 626 1598 sunt,
640 1558 726 1588 discrevit.

92 1611 97 1630 ¹
110 1615 179 1645 Metam.
192 1615 241 1645 XXV.
265 1615 295 1644 Cfr
307 1614 355 1644 ovid.
368 1615 438 1644 Metam.
451 1615 494 1644 XIII
506 1616 538 1646 692
551 1624 576 1653 sq,
