1759 2836
725 74 751 107 153

39 182 118 235 Venus,
134 186 155 224 et
170 182 211 224 alia
227 181 323 234 exempla
338 181 382 222 eius
397 181 428 222 rei
442 181 534 235 proferri
547 183 643 234 possunt.
671 180 779 224 Bacchum

40 254 110 293 autem
130 251 190 292 illum
208 250 306 304 proxima
324 249 449 302 cognatione
468 264 515 291 cum
531 250 562 291 dis
577 249 650 290 inieris
667 250 779 292 cohaesisse

38 320 94 360 iuter
109 332 181 360 omnes
197 319 286 367 constat,
302 318 323 357 et
339 315 406 358 cultus
421 317 560 367 necessitudo,
577 331 623 369 quae
637 315 717 358 Veneri
732 332 780 359 cum

38 387 75 428 illo
90 385 241 435 intercedebat,
257 384 334 425 indicio
350 398 396 425 esse
411 383 463 425 mihi
478 384 561 426 videtur
571 384 636 435 illam,
647 385 715 438 ipsam
726 401 779 438 quo-

40 468 79 506 que
95 453 156 493 deam
170 451 294 501 fertilitatis,
313 466 325 491 a
339 450 443 503 principio
458 466 546 492 numero
562 452 649 493 deorum
663 452 780 494 inferorum

38 519 133 561 habitam
155 533 200 560 esse
208 518 221 558 1.
252 517 325 558 Talem
347 518 408 558 oleam
428 516 535 558 Venerem
555 516 667 559 tietantia.
687 520 710 560 in
728 518 779 561 Cra-

38 601 87 628 neo-
100 586 178 627 cultam
198 585 264 626 fuisse
285 585 354 634 credo,
376 584 409 625 cui
430 585 557 626 coniecturae
577 600 620 627 nou
641 588 673 627 est
694 589 779 628 contra-

38 655 100 704 rium,
121 653 178 706 quod
198 667 246 694 cum
265 651 437 705 Bellerophonte,
456 652 492 704 qui
506 652 558 693 item
572 652 645 694 fanum
659 653 682 694 in
698 652 779 695 Oraneo

38 720 138 771 habebat,
162 719 311 762 commercium
332 718 399 761 cultus
423 719 523 760 habuisse
543 719 627 761 ridetur
648 721 692 763 [lea.
723 720 780 762 Nam

38 788 81 837 ille,
96 790 120 829 ut
135 790 181 828 erat
198 786 255 828 filins
270 785 371 840 Neptuni,
386 786 408 826 in
423 801 511 827 numero
526 787 635 828 numinum
650 790 780 831 marinorum

38 854 164 904 habebatur,
183 868 229 906 quae
246 868 293 894 cum
307 853 392 894 Baccho
408 853 497 905 aliisque
513 854 552 895 diis
568 854 701 896 fertilitatem
716 871 779 910 agro-

38 937 86 963 rum
100 921 208 962 tuentibus
224 920 337 961 cohaesisse
353 922 435 960 constat
443 919 450 942 ³

106 988 132 1029 ln
150 989 223 1029 eodem
241 988 288 1028 luco
304 987 423 1040 sepulcrum
439 986 593 1038 erat-Laidis&
615 1002 662 1040 quae
677 989 733 1031 inter
747 990 779 1032 fe-

39 1055 113 1105 minas,
129 1069 181 1107 quas
196 1052 276 1107 ἑταίρας
291 1052 426 1106 appellabant
442 1052 516 1103 Graeci,
532 1056 592 1095 tanta
606 1053 668 1096 laude
683 1056 780 1108 florebat,

39 1127 63 1164 ut
80 1121 142 1164 facile
163 1120 261 1175 princeps
281 1134 353 1161 earum
371 1119 495 1167 haberetur:
517 1123 615 1162 ornatum
630 1126 675 1164 erat
690 1123 731 1165 hoc
746 1139 780 1166 se-

39 1189 142 1242 pulcrum,
164 1187 219 1240 quod
243 1189 291 1228 “vas
306 1200 447 1227 marmoreum
464 1186 554 1227 Laitlos“
571 1191 633 1228 vocat
648 1188 780 1242 Ampelius4,

39 1256 107 1297 leaena
127 1254 216 1307 pedibus
237 1252 343 1307 prioribus
364 1253 459 1303 arietem,
481 1253 559 1294 animal
579 1253 669 1296 Veneris
691 1271 780 1309 sacrum,

41 1325 137 1377 gestante
144 1320 158 1362 5.

107 1390 179 1431 Etiam
200 1387 296 1430 Corinthi
310 1387 333 1428 in
347 1387 394 1429 foro
414 1387 518 1428 honorata
537 1392 582 1430 erat
596 1388 679 1431 Venus:
700 1394 781 1434 statuas

40 1458 71 1500 ibi
85 1458 185 1499 habuisse
201 1471 248 1498 cum
257 1455 366 1497 Venerem
378 1458 423 1496 tum
438 1455 490 1497 ahos
506 1456 556 1497 cleos
571 1455 687 1500 Pausanias
702 1463 780 1511 narrat,

42 1526 78 1580 qui
93 1528 114 1566 et
128 1538 205 1566 nomen
221 1527 242 1565 et
257 1523 361 1576 originem
379 1522 473 1573 artificis,
492 1523 528 1576 qui
543 1524 627 1576 signum
643 1524 732 1568 Veneris
747 1528 781 1569 fa-

40 1588 134 1635 bricatus
153 1594 204 1641 aar,
227 1590 323 1645 aperiens
338 1590 417 1631 iudicat
431 1590 510 1631 famam
525 1606 563 1632 sua
579 1594 641 1633 aetate
656 1593 721 1635 fuisse
737 1595 781 1637 cul-

41 1664 87 1702 tum
101 1660 192 1700 Veneris
208 1657 341 1700 Corinthium
356 1672 403 1698 cum
419 1657 524 1710 Cytherea
540 1658 659 1701 cohaesisse.

110 1727 151 1769 Sed
166 1726 233 1768 cultus
248 1725 345 1775 Veneris,
361 1726 397 1777 qui
412 1725 467 1778 apud
483 1724 604 1768 Corinthios
619 1727 676 1768 lama
691 1730 782 1771 maxime

43 1794 160 1835 celebratus
177 1794 228 1843 erat,
243 1792 265 1833 iu
280 1791 435 1833 Acrocorintho
451 1792 523 1833 sedem
538 1807 599 1833 suam
613 1792 713 1836 habuisse
723 1796 783 1837 vide-

42 1864 82 1911 tur,
105 1861 140 1914 qui
158 1851 218 1901 mons
236 1861 293 1900 totus
309 1857 398 1900 Veneris
417 1873 476 1900 sacer
491 1858 616 1900 habebatur.
646 1860 712 1902 Fama
727 1864 783 1904 enim

44 1933 89 1970 erat
110 1926 187 1978 Solem,
208 1941 256 1968 cum
274 1928 323 1979 post
343 1928 450 1967 certamen
465 1940 513 1967 cum
526 1925 628 1979 Neptuno
642 1927 719 1970 initum
733 1929 783 1971 Bri-

44 2010 93 2043 areo
116 1994 195 2036 arbitro
216 1993 239 2034 in
258 1988 414 2046 possessionem
434 1993 585 2034 Acrocorinthi
606 1995 705 2045 venisset,
727 1997 783 2038 hunc

43 2065 137 2104 montem
152 2061 231 2102 Veneri
245 2060 364 2110 tradidisse,
380 2061 438 2101 cuius
452 2061 484 2101 rei
499 2060 601 2102 memoria
617 2076 641 2104 eo
656 2064 719 2105 morlo
734 2079 783 2117 per-

113 2208 120 2226 1
131 2210 151 2239 Iu
164 2209 311 2248 comparationem
324 2208 382 2237 vocari
393 2208 462 2246 oportet
475 2208 559 2238 Venerem
571 2205 643 2254 Δωρῖτιν
651 2211 700 2240 Piraei
708 2213 725 2241 et
734 2211 783 2242 Cnidi

45 2267 114 2297 cultam.
138 2266 188 2295 Paua.
201 2265 212 2294 Ι
224 2266 238 2303 1,
251 2265 265 2294 3.

113 2318 120 2338 2
132 2322 162 2351 Cfr
173 2321 317 2359 Protei-nobem,
330 2320 359 2350 Gr.
372 2320 425 2357 Myra.
437 2320 446 2348 1
459 2321 496 2350 568.

113 2375 120 2394 ³
132 2378 234 2416 Sepulcrum
246 2377 306 2407 Laidis
314 2378 331 2406 in
340 2377 415 2406 nummis
424 2385 493 2414 quoque
503 2377 595 2406 Corinthiis
604 2379 695 2416 reperit-ur.
709 2379 738 2408 Otr
747 2379 783 2410 Cat.

45 2435 64 2464 ol
75 2435 128 2472 greek
139 2434 187 2463 coins
199 2435 216 2463 in
228 2434 258 2463 the
269 2433 312 2463 Brit.
324 2433 368 2463 Mus,
382 2432 453 2462 Corinth
465 2432 496 2462 No,
510 2434 550 2471 6913
562 2434 616 2472 Head,
629 2434 672 2464 Hist.
686 2443 732 2465 num.
746 2436 783 2466 340.

113 2486 170 2519 Ἦ).
182 2498 235 2519 mem.
247 2491 262 2519 8.

38 2570 40 2573 .
113 2542 188 2575 inuam
205 2546 276 2575 leaenam
292 2546 354 2575 Veneri
370 2547 489 2575 consecratam
505 2546 560 2576 fuisse
576 2547 613 2576 veri
629 2546 685 2576 simile
698 2549 729 2577 est.
754 2547 784 2578 on·

19 2608 21 2630 ἱ
46 2602 130 2640 Gerhard,
143 2602 172 2631 Gr.
185 2602 237 2639 Myth,
251 2600 260 2638 ξ
273 2603 305 2631 374
318 2611 333 2631 n.
348 2603 362 2631 1.
375 2610 389 2630 a.
