1759 2836
83 36 108 71 66

53 145 132 187 lemnia
141 144 173 187 ita
182 145 291 187 nominata
301 145 323 186 in
333 144 435 188 honorem
447 145 538 189 Veneris
549 146 613 189 etiam
619 145 710 189 Athenis
716 146 729 198 ¹,
738 147 795 189 The-

53 213 86 255 bis
95 212 110 264 ²,
125 213 148 254 in
162 211 236 254 insulis
250 210 334 265 Aegina
347 211 398 266 (una
412 213 576 256 cumsacrificiis
584 212 684 268 Neptuno
693 213 797 268 oblatisl³

55 284 76 323 et
98 281 153 323 Delo
161 280 176 332 4,
198 278 246 330 Iasi,
270 279 325 333 apud
346 279 475 334 Magnetes⁵
494 280 662 335 celebrabantur.
692 279 742 323 Alia
756 296 796 323 no-

53 348 111 389 mina
126 347 172 389 aliis
187 347 240 387 locis
254 346 314 388 festis
330 345 420 390 Veneris
430 348 531 401 imposita
539 350 600 389 erant
608 343 622 390 3.
646 347 743 391 Corinthi
753 348 795 390 sic-

53 419 77 457 ut
97 416 120 457 in
134 413 218 468 Aegina-
232 414 355 457 meretrices
371 430 384 456 a
398 416 500 457 matronis
516 415 626 458 disiunctae
642 416 687 458 dies
704 414 795 457 Veneris

53 484 119 524 festos
135 481 233 534 agebant,
248 481 303 523 unde
318 481 409 524 fortasse
429 481 531 536 explicari
544 484 622 536 potest,
639 484 695 536 quod
709 482 794 524 Plutar-

54 552 105 593 chus
121 554 142 592 et
157 549 273 592 scholiasta
287 549 374 592 Pindari
384 554 498 603 matronas,
510 550 660 605 Theopompus
671 554 692 593 el
702 550 795 592 Timaeus

53 618 176 661 meretrices
190 631 265 671 preces
280 617 327 660 illas
342 618 422 661 fudisse
437 622 533 661 auctores
549 621 604 661 sunt.

119 685 152 727 De
168 685 234 727 sacris
249 685 332 737 ritibus,
349 701 401 739 quos
416 687 439 727 in
453 685 537 728 Venere
553 686 642 728 colenda
652 686 795 729 observabant

53 752 164 805 Corinthii,
186 752 241 794 nihil
254 752 299 794 fere
322 754 375 795 certi
397 754 485 795 scimus:
510 751 630 810 Ἀφροδίσια
655 754 794 796 comissantes

53 822 121 877 egisse
137 820 257 864 Corinthius
272 821 371 864 mulieres
387 837 398 864 e
413 822 483 865 verbis
493 821 597 874 Alexidis,
607 837 654 877 quae
663 822 718 876 apud
726 821 794 863 Athe·

51 905 122 932 naeum
144 892 228 932 servata
249 893 366 942 remanent,
390 891 543 944 cognoscimus
560 893 581 931 et
596 905 608 931 a
622 888 701 931 Ioanne
716 888 793 943 Lydo7

52 958 153 1000 certiores
175 957 236 999 fimus
259 971 340 999 merem
355 972 416 1000 ovem
431 957 487 1012 pelle
504 957 568 999 ovilla
582 957 699 1000 involutam
714 956 794 998 Veneri

51 1025 182 1076 immolandi,
198 1025 234 1078 qui
248 1024 271 1065 in
286 1024 356 1078 Cypro
364 1026 483 1077 tenebatur,
492 1024 594 1067 Corintho
603 1024 731 1067 translatum
739 1039 791 1066 esse.

51 1093 129 1136 Suibus
144 1092 224 1135 Veneri
239 1093 358 1135 sacrificare
374 1094 460 1136 omniuo
475 1093 520 1135 fere
528 1092 654 1135 inusitatum
664 1092 730 1134 fuisse
741 1106 792 1145 con-

51 1164 94 1203 stat
102 1161 117 1203 3.

118 1229 204 1271 Lechaei
224 1228 327 1283 templum
348 1228 422 1271 habuit
443 1228 522 1280 Venus,
544 1229 657 1285 quodiam
673 1230 736 1269 aetate
751 1227 792 1268 Pe-

50 1298 131 1340 riandri
147 1299 278 1338 exstructum
292 1297 357 1339 fuisse
374 1300 447 1339 auctor
463 1299 495 1338 est
509 1295 642 1338 Plutarchus.

117 1363 142 1407 ln
164 1364 231 1406 altero
255 1378 338 1417 quoque
358 1366 423 1418 portu
438 1363 535 1406 (lorinthi
550 1363 611 1417 signo
626 1363 731 1405 honorata
746 1365 792 1404 erat

50 1432 122 1474 Venus
138 1434 159 1473 et
173 1431 260 1486 templo,
277 1432 332 1484 quod
346 1431 369 1473 in
383 1431 430 1485 ipsa
443 1431 500 1473 mole
515 1431 579 1473 situm
590 1433 641 1473 erat.
664 1428 726 1472 quta
735 1433 791 1472 tem·

49 1500 108 1553 plum
129 1499 182 1541 illuri
203 1499 273 1552 posita
292 1502 337 1540 erat
352 1502 422 1541 statua
437 1498 538 1553 Neptuni,
555 1513 601 1552 quae
616 1513 650 1540 res
666 1500 790 1552 argumento

50 1570 82 1609 est
100 1567 147 1608 haec
166 1567 253 1608 numina
272 1566 294 1608 in
310 1566 367 1608 cultu
381 1567 437 1608 inter
452 1581 474 1608 se
490 1566 602 1608 coniuncta
616 1565 681 1607 fuisse
691 1564 707 1616 ⁹3
722 1579 791 1619 neque

121 1702 201 1736 1Athen.
214 1705 237 1736 IV
250 1706 307 1744 128113
321 1705 346 1735 cfr
358 1705 385 1735 ΠΙ
398 1706 445 1736 1011
456 1707 473 1735 et
485 1705 556 1736 Luciam
569 1705 609 1736 dial.
622 1713 664 1735 mer.
676 1704 714 1734 XIV
727 1705 741 1735 3.

120 1758 180 1792 2Χοο.
192 1762 237 1792 Hell.
250 1762 264 1791 V
276 1763 292 1801 4,
304 1764 319 1793 4.

118 1815 182 1849 3ΡΙοί.
196 1818 258 1853 Quem
272 1817 325 1848 Graec.
338 1819 359 1848 44
372 1827 388 1857 p.
402 1819 433 1849 301
442 1819 461 1849 F.

116 1872 124 1891 ⁴
136 1875 181 1905 Bun.
194 1875 215 1904 de
228 1883 271 1904 corr.
284 1875 325 1904 hell.
337 1874 361 1904 VI
373 1874 399 1913 23,
413 1876 450 1906 133.

117 1928 123 1947 ³
136 1931 153 1961 0.
166 1931 179 1961 Ι.
193 1930 213 1960 G.
227 1931 269 1961 2673
287 1932 304 1961 et
320 1930 401 1961 Mittheil.
419 1932 435 1962 d.
451 1932 530 1962 (leutsch.
546 1931 592 1962 arch.
608 1931 650 1961 Inst.
664 1931 725 1961 Athen.
738 1931 789 1961 nuth,

48 1988 80 2018 VH
93 1988 113 2019 73
127 1983 251 2032 Ἄφροὸιοιών,
264 1995 327 2017 nomen
339 1987 413 2018 mensis.

117 2040 250 2079 fischoemann,
263 2042 292 2073 Gr.
305 2043 378 2073 Alterth.
391 2038 418 2073 ΙΙ3
431 2044 462 2074 522
475 2053 501 2082 aq.

116 2096 160 2130 ⁷De
173 2108 228 2130 mens.
240 2099 264 2129 IV
277 2100 298 2129 45
312 2097 382 2143 ἐτιμᾶτο
396 2095 415 2130 δὲ
427 2097 440 2145 i]
452 2095 551 2145 Ἀφροδίτη
564 2101 600 2137 τοῖς
614 2096 679 2138 αὐτοῖς,
693 2091 719 2137 οἷς
732 2097 788 2145 ναίὴ

47 2153 104 2201 Ἥρα·
115 2154 132 2187 ὲν
142 2152 160 2186 δὲ
168 2158 190 2199 τῇ
199 2151 267 2199 Κύπρῳ
276 2152 364 2199 πρόβατον
371 2152 429 2201 κωδίῳ
437 2153 567 2200 ἓτνεπίιομὲνον
574 2153 683 2199 ουνέθοοντῇ
690 2151 788 2199 Ἀφροδίτῃ

48 2211 62 2248 (ο
76 2209 95 2243 δὲ
107 2210 170 2257 τρίπος
184 2208 318 2256 τῆςίερατείας
332 2208 349 2241 ἐν
357 2214 379 2255 τῇ
388 2207 454 2256 Κύπρῳ
464 2209 498 2243 ἀπὸ
508 2214 541 2256 τῆς
548 2207 637 2256 Κορίνθου
644 2208 729 2256 παρῆλθέ
736 2213 788 2247 ποτε).

116 2265 212 2307 SApostol.
230 2268 253 2298 IV
273 2269 292 2298 53
311 2264 410 2312 Ἀφροδίτῃ
429 2263 448 2300 ὗν
464 2266 545 2299 renense:
563 2266 635 2299 ἐπὶτῶν
647 2265 753 2311 ἀχαρίστων
765 2271 787 2312 τῇ

46 2325 80 2370 γὰρ
92 2321 192 2370 Ἄφροὸίτῃ
205 2318 225 2362 ῧς
239 2321 258 2355 οὒ
271 2321 334 2355 θύεται
347 2320 376 2355 διὰ
388 2323 416 2355 τὸν
428 2320 509 2356 Ἄδωνιν.
533 2324 596 2353 Festus
608 2333 624 2353 v.
637 2323 711 2353 Suillnm
723 2333 740 2362 p.
749 2326 787 2354 310.

46 2382 114 2411 Mulier.
130 2381 213 2410 Consciae
225 2380 283 2418 velim,
296 2388 333 2417 qnae
346 2381 398 2410 allata
410 2381 464 2411 habet
475 2381 551 2419 Tfimpel
559 2381 576 2409 in
587 2379 724 2416 Pauly-Nissen.
738 2381 787 2410 Recl-

46 2438 114 2475 Encycl.
127 2437 136 2467 I
149 2438 197 2468 2767.

115 2490 121 2509 ⁹
133 2494 153 2523 Iu
166 2494 242 2523 nummis
255 2493 347 2531 Neptunus
359 2494 389 2522 ille
403 2493 496 2523 Cenchreis
509 2491 566 2522 cultus
578 2501 614 2521 nna
626 2501 665 2521 cum
678 2494 749 2532 templis
756 2494 787 2524 Ve-

46 2550 98 2588 neria,
116 2550 220 2588 Aesculapii,
238 2549 291 2580 Isidis
307 2549 375 2580 effictus
388 2552 420 2580 est.
444 2550 499 2590 Head,
513 2550 557 2579 Hist.
570 2557 617 2578 num.
630 2558 647 2587 p.
661 2550 701 2587 3403
714 2549 787 2579 Journal

46 2606 65 2635 of
76 2606 115 2636 hell.
129 2607 174 2636 stud.
187 2604 210 2635 VI
223 2607 249 2635 66.
