1759 2836
131 54 156 89 20

102 161 174 205 Solem
189 178 231 205 una
245 164 306 206 ludos
321 162 369 206 illos
385 177 397 204 a
411 162 516 217 principio
533 161 689 205 constituisset.
712 159 790 203 Omnes
800 160 842 215 igi-

101 233 136 272 tur
159 235 270 273 senserunt
292 230 416 285 Neptunum
439 234 475 273 aut
494 231 565 284 ipsum
586 233 622 271 aut
636 245 674 284 per
690 230 795 283 quendam
809 229 842 270 fa-

101 298 166 340 miliae
189 313 239 350 suae,
254 301 278 340 ut
292 299 323 339 ita
338 298 414 349 (ticam,
429 298 489 340 ludos
505 296 604 339 lsthmios
621 297 763 348 constituisse,
779 299 842 349 atque

103 369 160 407 certo
183 366 260 407 seimus
282 366 342 407 ludos
366 368 387 407 et
408 365 534 407 sacrificium
549 379 587 419 per
603 379 665 406 omne
679 367 770 418 tempus,
786 364 843 418 (quod

102 426 194 486 antiquis
210 433 349 487 scriptoribus
365 433 453 475 ducibus
467 432 597 487 perlustrare
611 447 730 486 possumus,
741 431 842 486 Neptuno

101 500 212 554 inprimis
228 501 324 542 dedicata
338 501 411 542 fuisse.
441 500 516 552 Causa,
532 502 627 542 curtam
643 499 753 541 dissimilia
769 500 794 541 [le
809 499 842 540 lu-

102 568 133 609 dis
157 568 246 610 conditis
268 568 353 621 prodita
375 568 424 619 sint,
446 568 499 610 mihi
516 568 707 619 vitletureaesse‚
724 567 841 620 quodcum

102 635 161 677 onltu
182 635 261 676 veteris
281 636 379 686 numinis,
396 636 452 688 quod
467 638 529 676 antea
544 635 654 677 uoluerant
668 634 744 676 inoolae
759 633 842 684 Isthmi,

102 701 170 743 oriltns
185 701 281 755 Neptuni
296 703 470 756 coniungebatur,
487 703 543 756 quod
558 718 636 745 numen
647 703 712 745 etiam
722 702 841 744 recentiore

102 772 166 811 aetate
189 784 316 824 quamquam
339 771 404 812 saeris
425 770 522 824 Neptuni
543 786 604 825 paene
620 771 755 813 obscuratum
771 770 842 811 divino

101 837 182 878 honore
205 837 285 879 uultum
307 840 339 879 est
348 837 362 879 2.
400 836 538 888 Sacrificium,
562 839 618 891 quod
639 839 661 879 in
676 836 771 879 Isthmiis
787 837 842 878 eele-

101 904 187 946 brarnlis
202 904 274 956 fiebat,
290 907 338 946 ante
353 905 414 947 ludos
429 904 609 959 perpetrabatur3
624 907 646 947 et
661 905 687 947 ab
704 905 785 958 origiue
796 905 842 958 pia-

103 971 173 1013 culare
188 972 254 1014 fuisse
269 972 359 1023 videtur,
376 986 422 1025 quae
437 987 471 1014 res
488 973 581 1013 ostendit
589 972 644 1013 sieut
654 973 707 1014 alios
717 971 778 1014 ludos
789 972 842 1014 mai-

103 1053 150 1080 ores
173 1039 204 1080 ita
225 1038 315 1081 isthmia
338 1042 385 1081 aeta
408 1054 453 1081 esse
474 1040 497 1080 in
517 1039 641 1081 memoriam
662 1039 770 1090 facilioris,
787 1039 843 1091 quod

101 1106 197 1158 quamvis
220 1109 304 1160 gratum
319 1106 441 1149 hominibus
457 1121 511 1158 eum,
527 1108 563 1159 qui
578 1106 704 1158 admisisset,
720 1106 843 1160 inquinasse

102 1175 223 1215 crederetur
231 1174 245 1215 4.

168 1240 230 1291 Ludi,
247 1241 283 1295 qui
297 1242 361 1283 tertio
373 1256 456 1295 quoque
468 1255 523 1283 anno
535 1241 704 1294 celebrabantun
713 1244 776 1284 aetate
785 1244 842 1284 certe

100 1309 253 1363 imperatorum
274 1309 426 1360 Romanorum,
442 1325 490 1351 oum
505 1325 587 1351 summa
602 1309 726 1352 celebritate
741 1310 842 1352 frueban-

101 1379 141 1428 ur.
158 1380 179 1419 et
194 1377 269 1419 musioi
285 1380 306 1419 et
321 1377 414 1432 gymnici
430 1381 451 1419 et
469 1379 577 1431 equestres
593 1381 663 1429 erant3
680 1381 788 1420 certamen
802 1393 841 1419 na-

100 1444 159 1485 vium
174 1459 257 1497 quoque
273 1445 428 1498 antiquioribus
439 1445 570 1498 temporibus
581 1445 628 1486 fieri
638 1446 724 1487 solitum
732 1460 778 1488 esse
786 1446 842 1499 apud

101 1513 205 1564 quosdam
227 1513 330 1567 seriptum
351 1512 460 1555 inneniol.
490 1512 605 1555 Praemium
627 1513 723 1555 victoriae
742 1528 841 1556 eoronam

101 1580 209 1632 apiaoeam
231 1581 266 1622 vel
287 1579 389 1633 pineam⁶
412 1586 433 1621 et
454 1580 547 1634 palmam
564 1581 668 1622 victorem
683 1582 779 1635 aooipere
794 1596 841 1622 mos

100 1650 151 1689 erat.
182 1646 260 1690 Omnes
279 1647 368 1691 Graeciae
384 1648 481 1690 civitates
496 1647 555 1690 Eleis
571 1648 682 1702 exeeptisl
697 1664 779 1692 summo
796 1652 841 1691 stu-

101 1714 135 1755 dio
150 1713 244 1757 lsthmiis
260 1716 383 1758 intererant.
414 1715 526 1769 Praecipue
541 1716 586 1758 iure
600 1716 668 1769 legati
677 1716 840 1759 Atheniensium

99 1783 122 1823 in
137 1783 191 1824 lnslis
207 1782 338 1826 celebrandis
353 1784 474 1835 utebantur,
491 1783 566 1837 quibus
577 1783 688 1836 Corinthii,
697 1784 780 1828 Theseo
791 1801 841 1827 auo-

170 1919 226 1952 ¹Aiia
238 1931 307 1962 quoque
319 1923 367 1952 fama
379 1922 443 1952 tradita
455 1924 500 1960 erat;
513 1931 548 1960 qua
560 1924 582 1953 de
594 1931 612 1952 re
623 1923 702 1953 conseras
711 1923 841 1964 velimea‚q1ue

100 1979 146 2009 infra
158 1980 175 2009 in
188 1978 250 2018 eapite,
263 1979 310 2017 [quod
322 1979 343 2009 de
355 1979 445 2008 Melicerta
457 1981 489 2018 est,
502 1980 603 2009 afferuntur.

170 2029 176 2048 ²
188 2035 246 2066 Sehol.
258 2036 314 2074 Apoll.
327 2036 360 2065 Rh.
372 2036 399 2065 III
412 2036 455 2065 1240
468 2032 561 2074 Μουῦαῖος
575 2033 593 2067 δὲ
606 2034 623 2067 ὲν
635 2040 659 2081 τῷ
671 2033 802 2082 rationator
810 2034 840 2069 trin

100 2090 145 2136 aqut
157 2089 238 2136 *sinentur
251 2089 321 2136 &quing
335 2090 351 2124 ‘en
363 2089 439 2136 Ἰσθμῷ,
451 2090 481 2123 nni
496 2091 525 2123 τὸν
537 2093 568 2136 μὲν
580 2089 698 2132 Ποσειδῶνος,
711 2092 739 2124 τὸν
752 2091 770 2125 δὲ
783 2090 841 2125 Μελι-

100 2146 166 2192 ripaue.

168 2201 229 2235 ³Xen.
241 2205 286 2235 Hell.
298 2205 321 2235 IV
334 2207 349 2245 5,
363 2206 412 2236 1-2.

168 2257 175 2276 4
187 2261 301 2291 Memorabile
313 2264 345 2301 est,
355 2262 401 2300 quod
408 2262 505 2292 seeundum
512 2262 587 2302 fabulas,
594 2271 632 2301 qua
639 2264 660 2293 de
666 2263 745 2293 Isthmiis
753 2273 762 2294 a
771 2264 840 2294 Theseo

99 2317 201 2347 instauratis
213 2318 286 2347 narratae
299 2320 345 2358 sunt,
357 2318 388 2348 filii
400 2317 476 2356 Neptuni
488 2318 532 2348 alins
545 2319 598 2349 alium
611 2328 682 2349 necasse
695 2320 817 2350 credebantur.

167 2369 306 2404 *nscia-Dion.
327 2374 416 2412 Chrysost.
429 2374 457 2405 Or.
474 2374 552 2405 XXXVII
568 2376 588 2405 15
601 2375 701 2414 Empulum
717 2376 747 2405 Otr
758 2376 839 2415 Aponon.

99 2429 143 2459 Bibl.
156 2429 164 2458 Ι
177 2430 209 2459 141
221 2430 296 2468 Wagner
308 2432 325 2460 ot
337 2431 401 2462 Herod.
413 2430 455 2461 VIII
468 2432 506 2461 121.

168 2481 175 2499 ⁰
187 2485 233 2515 Pina
246 2486 308 2521 Qnrost.
322 2487 389 2516 ennviv.
402 2487 416 2517 V
429 2488 444 2526 3,
457 2497 473 2525 p.
487 2488 519 2517 oio
532 2487 551 2518 E.
576 2488 606 2517 un·
619 2488 681 2519 Timol.
695 2490 720 2519 26,

168 2537 174 2557 Τ
189 2542 240 2572 Pane.
253 2542 267 2571 V
280 2543 297 2573 2:
310 2542 328 2571 H
341 2543 367 2582 15,
381 2544 394 2572 1.
