1759 2836
759 59 783 93 21

71 177 117 216 tore
140 175 163 215 ut
185 171 300 221 ferebatur,
322 172 476 220 concesserant.
497 171 521 211 ut
535 168 604 222 prima
619 166 719 209 subsellia
734 166 813 208 theatri

71 241 162 283 inludis
177 238 298 293 spectandis
314 237 435 279 obtinerent
443 236 456 278 ¹.

138 307 163 349 ln
177 306 258 359 templo
274 308 295 346 et
310 307 377 358 saepto
388 319 449 346 sacro
459 303 555 357 Neptuni
565 302 656 354 Isrhmfi,
668 316 730 355 quem
735 299 812 342 Ἵππιον

71 378 134 418 vocat
153 373 269 424 Himerius,
291 372 332 414 alia
352 371 439 413 numina
457 372 566 426 complura
581 369 712 412 colebantur.
741 368 812 411 Artis-

71 443 123 484 sime
139 456 187 483 cum
201 439 301 494 Neptuno
318 438 430 481 coniuncta
445 442 491 480 erat
505 437 643 492 Amphitrite.
673 436 754 479 Statua
768 437 812 478 eius

72 512 93 551 et
107 510 130 550 in
145 508 215 550 antica
229 509 290 562 parte
305 506 380 560 templi
394 505 490 560 Neptuni
504 521 547 547 una
562 520 610 547 cum
625 505 691 559 signis
703 505 736 547 dei
746 505 812 558 ipsius

71 576 179 629 Marisque
200 577 221 616 et
241 575 263 616 in
279 574 381 628 quadriga
395 573 439 625 illa,
455 588 518 627 quam
532 573 555 614 in
569 573 616 627 ipso
631 572 711 627 templo
727 572 812 615 dedica-

71 646 131 685 verat
152 642 248 684 Herodes
270 641 362 692 Atticus,
386 641 449 682 simul
470 655 517 682 cum
537 639 633 694 Neptuni
649 643 670 682 et
684 640 812 682 Palaemonis

71 710 137 764 signis
158 709 233 763 positae
257 712 323 750 erant.
353 707 404 757 Qua
426 722 474 750 cum
490 708 521 749 ita
536 707 584 759 sint,
600 706 652 748 mihi
668 707 755 749 dubium
769 723 811 750 nou

72 793 117 820 esse
132 777 222 828 videtur,
238 777 289 830 quin
302 777 325 817 in
339 774 420 817 lsthmo
431 775 562 829 Amphitrite
572 790 670 817 unacum
677 774 778 829 Neptuno
789 791 812 817 re

71 860 121 887 vera
136 844 193 886 culta
207 844 280 894 fuerit3
295 845 387 885 fortasse
402 843 467 884 etiam
482 842 579 885 Corinthi
593 843 615 884 in
629 843 676 897 ipsa
690 844 743 885 urbe
758 843 811 884 Am-

70 912 159 966 phitrite
182 911 261 953 cultum
282 910 397 962 habebat2‚
421 911 477 963 quod
498 924 524 952 ex
543 924 567 951 eo
583 910 694 964 probabile
708 911 740 962 fit,
756 912 813 964 quod

71 979 177 1021 nonnullae
192 981 295 1020 testarum
309 978 401 1029 illarum,
417 978 442 1020 de
458 977 535 1031 quibus
550 992 613 1032 supra
623 979 753 1020 mentionem
763 979 811 1030 feei,

71 1047 157 1088 nomina
171 1045 266 1099 Neptuni
282 1048 303 1087 et
317 1045 458 1098 Amphitrites
468 1045 535 1087 incisa
545 1045 579 1086 vel
588 1045 647 1098 picta
654 1045 741 1087 habent.
763 1045 812 1087 Una

71 1129 119 1156 cum
132 1112 234 1168 Neptuno
250 1116 271 1154 et
285 1113 352 1155 Musis
367 1114 466 1154 invocata
482 1115 513 1154 est
528 1111 659 1167 hinphitrite
674 1113 696 1154 iu
707 1113 811 1165 convivio,

72 1182 127 1234 quod
142 1181 228 1223 Lechaei
242 1181 302 1222 iuxta
316 1181 420 1234 templum
435 1180 525 1222 Veneris
536 1180 666 1222 instruxerat
675 1181 791 1223 Periander
797 1190 805 1205 ⁰

70 1248 178 1290 Praeterea
192 1247 249 1289 haud
263 1247 353 1289 multum
368 1248 391 1289 in
406 1246 464 1289 cultu
479 1247 587 1289 eminebat
596 1246 734 1302 Amphitrite,
742 1263 811 1302 neque
855 1288 856 1291 ,

70 1330 166 1369 usquam,
189 1318 291 1369 quantum
313 1314 411 1368 equidem
432 1317 564 1368 compertum
584 1315 660 1367 haheo,
677 1314 811 1370 aNeptuuo,

71 1383 129 1425 cuius
150 1397 204 1425 uxor
224 1397 270 1424 esse
289 1382 420 1433 credebatur,
436 1383 531 1424 seiuncta
547 1380 618 1424 divino
634 1383 692 1425 cultu
706 1383 812 1426 honorata

71 1453 109 1492 est.
130 1449 179 1492 Una
193 1449 240 1491 haec
254 1450 341 1491 numina
351 1450 373 1491 in
382 1449 457 1491 insulis
467 1449 544 1501 Lesbo,
555 1449 621 1501 Tene,
632 1450 731 1504 Mycono,
742 1450 811 1504 Syr-0²²

70 1518 200 1569 colebantur,
220 1517 242 1559 id
263 1520 296 1559 est
315 1518 338 1559 in
354 1517 414 1569 locis,
430 1517 467 1560 ubi
481 1517 568 1559 maximi
583 1519 686 1560 momenti
702 1522 762 1561 erant
776 1535 810 1562 res

69 1586 188 1627 maritimae.

137 1652 168 1696 Ut
182 1654 225 1695 iam
239 1668 303 1707 supra
317 1654 396 1706 monui,
412 1653 654 1696 Melicertes-Palaemon
668 1655 765 1697 intimam
775 1671 810 1698 ra-

69 1720 150 1762 tionem
165 1736 213 1763 cum
227 1720 328 1775 Neptuno
343 1721 446 1772 habebat3
463 1722 503 1763 duo
520 1721 576 1763 enim
591 1722 679 1764 delubra
688 1723 745 1765 intra
755 1739 811 1778 saep-

69 1790 115 1830 tum
135 1786 231 1842 Neptuni
252 1804 335 1831 sacrum
354 1790 374 1831 ei
392 1790 430 1831 deo
447 1789 544 1831 dedicata
559 1792 626 1841 erana,
642 1805 732 1844 quorum
746 1807 811 1834 uuum

69 1855 173 1910 templum
191 1858 242 1908 erat,
262 1856 352 1898 alterum
367 1856 487 1911 sepulcrum
503 1857 547 1898 eius
563 1872 608 1899 esse
624 1857 757 1900 credebatur.
786 1859 811 1901 ln

68 1923 116 1964 hoc⁴
131 1923 211 1977 templo
234 1926 309 1965 statuae
330 1923 426 1979 Neptuni
442 1924 571 1966 Leucotheae
589 1924 716 1967 Palaemonis
734 1928 810 1981 positae

70 1993 139 2041 erant;
155 2005 202 2045 quae
217 1991 304 2034 numina
319 1992 384 2034 etiam
397 1992 421 2033 in
430 1993 482 2034 urbe
494 1992 606 2035 coniuncta
615 1994 756 2047 reperiuntur.
781 1995 811 2037 Et

69 2058 92 2098 in
109 2058 212 2112 quadriga
228 2058 266 2100 illa
280 2058 372 2101 Herodis
387 2059 508 2101 Melicertes
522 2060 545 2100 in
560 2059 660 2114 delphino
676 2064 734 2103 stans
751 2061 810 2104 effic-

69 2128 104 2168 tus
120 2130 171 2167 erat.

137 2192 162 2234 ln
181 2194 234 2246 basi.
255 2195 278 2235 111
299 2209 340 2248 qua
357 2195 438 2247 positas
458 2197 505 2236 erat
522 2197 593 2237 statua
608 2194 704 2250 Neptuni
719 2196 810 2249 lsthmii,

138 2317 144 2336 ¹
157 2321 214 2351 Pluth.
227 2321 279 2350 Thes.
292 2321 318 2352 25.

138 2372 144 2392 ²
157 2376 187 2407 Gfr
204 2377 222 2407 P.
238 2376 357 2416 Kretschmer,
375 2378 407 2407 Die
423 2378 488 2415 grieeh.
504 2378 626 2409 Vaseninsehr.
642 2389 659 2419 p.
673 2381 699 2410 27.
723 2380 810 2410 orimur.

69 2432 102 2463 vn
114 2433 154 2472 sap.
164 2442 216 2464 conv.
229 2434 249 2464 21
262 2443 279 2472 p.
292 2434 324 2464 rar
336 2434 356 2464 u.
623 2427 626 2431 ’

138 2484 201 2520 3Ρ1111.
219 2489 252 2520 VII
269 2490 309 2528 Sap.
325 2499 373 2521 cour.
391 2491 411 2520 21
426 2499 443 2529 p.
457 2491 489 2521 164
501 2491 521 2522 D.
546 2492 576 2522 Ch·
590 2501 606 2522 v.
620 2493 733 2523 Wilamouun
751 2493 810 2525 Herm.

69 2543 113 2576 XXV
127 2545 165 2576 225.

137 2597 205 2642 4Stoll,
218 2603 280 2633 Rosch.
293 2603 335 2634 Lex.
349 2604 364 2633 d.
377 2604 441 2643 griech.
454 2613 470 2636 u.
483 2605 526 2635 rbm.
539 2605 611 2643 mythol.
623 2605 632 2635 Ι
644 2616 660 2647 p.
673 2606 711 2639 320.
