1759 2836
116 54 141 90 68

72 158 76 164 ’
88 164 258 206 coniunctionem
272 160 381 202 numinum
396 162 439 202 hon
455 161 567 203 admodum
582 176 630 203 raro
645 161 737 203 inveniri
747 159 827 202 Wicle¹

86 235 145 273 recte
160 231 204 273 iam
219 229 317 272 ostendit.

155 298 213 340 lntra
235 299 325 350 saeptum
346 295 405 346 illud,
429 296 484 349 cruori
503 296 552 337 fano
573 295 696 350 Aesculapii
711 295 827 347 adiacebat,

87 366 189 420 templum
211 363 304 405 habebat
326 362 405 414 Venus,
429 363 465 404 ubi
484 377 544 404 sacra
560 363 578 404 ei
593 364 679 406 fiebant.
709 362 751 405 Sed
765 364 827 417 plane

88 434 129 476 alio
144 433 206 474 modo
223 432 286 483 atque
301 430 323 471 in
338 429 494 471 Acrocorintho
509 430 544 471 hic
560 431 669 473 colebatur
685 432 732 473 dea:
749 430 827 472 etenim

88 515 165 542 arcana
178 499 243 540 fuisse
259 498 357 539 videntur
372 512 438 549 sacra,
454 510 501 550 quse
517 496 607 550 Sicyone
622 497 702 540 Veneri
716 501 827 551 perpetra-

86 568 170 609 bantur.
200 564 282 606 Auctor
305 566 337 605 est
359 563 474 605 Pausanias
490 564 541 605 (luas
557 564 613 605 solas
628 564 721 619 virgines
735 565 758 606 in
772 568 827 606 tem-

86 635 145 688 plum
167 633 211 674 deae
233 632 313 673 intrare
335 631 367 673 fas
384 631 456 682 fuisse,
472 646 585 685 earumque
600 647 664 674 unam
678 631 775 687 νεωκόρον
791 647 827 674 co-

87 701 232 755 gnominatam
258 699 341 740 aeclituae
361 713 436 740 munus
461 699 600 740 sustinentem
622 702 672 742 voto
698 700 828 742 castimoniae

87 768 212 811 obstrictam
233 766 304 818 tuisse,
331 766 425 817 alteram,
452 780 498 819 quae
521 766 656 821 λουτροφόρος
681 768 828 821 appellaretur,

87 835 205 878 sacerdotio
225 848 294 875 annuo
314 833 431 886 praefuisse.
461 832 557 887 Apparet
576 833 642 887 igitur
661 835 740 876 cultum
756 834 828 876 Vene-

87 904 116 945 ris
139 903 195 956 aliud
217 900 327 954 Sicyonios
342 900 434 942 medium
449 900 514 942 luisse
529 901 585 942 inter
599 901 717 954 mysterial
732 905 753 944 et
768 917 828 944 sacra

87 970 177 1023 publica,
200 982 268 1021 neque
292 968 405 1021 cpiidquam
424 969 450 1008 ab
469 982 493 1009 eo
510 971 555 1009 tam
576 968 651 1022 procul
669 969 746 1010 afuisse
766 984 827 1022 quam

86 1036 225 1079 hieroduliani
251 1034 389 1086 Corinthiam,
415 1034 482 1088 qualis
504 1035 541 1076 illa
563 1035 694 1089 temporibus
717 1034 828 1078 Strabonis

87 1105 185 1146 instituta
208 1105 259 1144 erat.
289 1101 360 1154 Atque
383 1101 459 1143 mirum
481 1102 504 1143 in
523 1093 703 1145 modum-lictum
724 1106 770 1145 erat
785 1105 829 1157 sig·-

87 1188 137 1214 num
160 1171 213 1212 dea:
236 1169 292 1222 polo,
313 1169 349 1221 qui
371 1171 465 1220 vocatur,
485 1171 582 1210 ornatum
597 1172 643 1211 erat
658 1172 721 1223 caput
742 1171 828 1212 simula-

89 1240 119 1280 cri
141 1237 239 1286 smlentis,
262 1237 318 1289 quod
341 1251 366 1277 ex
389 1251 439 1277 auro
461 1236 566 1289 eboreque
585 1237 664 1277 factum
680 1239 731 1288 erat,
747 1241 828 1279 etma-

87 1306 149 1347 nibus
175 1305 242 1346 altera
269 1318 369 1357 papaver,
396 1303 462 1345 altera
487 1304 566 1344 malum
591 1304 678 1346 tenebat
700 1305 745 1346 dea
781 1306 829 1347 lila-

87 1373 131 1415 lum
150 1386 213 1412 manu
234 1373 308 1412 tenens
329 1383 474 1423 saepenumero
494 1393 521 1397 -
541 1363 637 1412 conferas
655 1371 718 1413 velim
733 1386 829 1414 nummos

88 1438 208 1482 Corinthios
232 1464 258 1468 —
281 1436 424 1490 effingebatur
446 1436 525 1488 Venus,
541 1437 578 1478 sed
592 1452 686 1491 papaver
700 1438 755 1481 sicut
770 1439 826 1481 cala-

87 1507 136 1549 thus
162 1506 286 1559 plerumque
314 1504 340 1545 ad
367 1503 464 1546 Cererem
491 1507 512 1545 et
538 1503 688 1559 Proserpinam
696 1505 710 1556 ³,
736 1522 779 1549 non
800 1508 830 1549 ita

88 1589 144 1629 saepe
168 1574 194 1614 ad
216 1572 323 1614 Venerem
344 1571 471 1625 pertinebat.
503 1571 553 1620 Quae
578 1571 670 1625 insignia
690 1588 738 1614 cum
752 1575 828 1617 ritibus

88 1641 154 1683 saeris
181 1641 204 1681 in
226 1639 283 1681 cultu
306 1638 423 1680 observatis
447 1638 556 1680 conferens
579 1639 648 1681 facere
670 1655 713 1682 non
734 1657 827 1695 possum,

90 1710 141 1762 quin
163 1707 282 1748 existimem
303 1706 409 1747 Venerem
427 1705 555 1759 Sicyoniam
573 1722 636 1759 quam
654 1723 695 1760 quo
710 1708 755 1750 iure
770 1709 827 1750 Bau-

88 1778 175 1818 meister
183 1776 198 1826 4,
220 1772 338 1824 Rosohers',
357 1774 392 1815 alii
412 1771 509 1827 Οὐρανίαν
528 1775 651 1816 vocaverint
665 1776 746 1829 ignoro,
762 1777 829 1818 multa

88 1844 165 1886 similia
179 1842 279 1884 habuisse
296 1856 342 1882 eum
359 1840 441 1892 dei-ere,
457 1841 478 1881 icl
494 1844 526 1882 est
542 1855 589 1882 curn
605 1842 649 1893 dea,
666 1842 699 1883 cui
715 1857 770 1885 curae
782 1848 828 1886 erat

87 1912 186 1953 fertil'tas
209 1923 314 1963 agrorum.
344 1907 418 1961 ltaque
435 1923 447 1948 a
461 1908 594 1961 primigenia,
609 1912 633 1950 ut
648 1924 706 1951 meus
721 1910 763 1952 fert
779 1925 827 1952 sen-

88 1995 129 2031 sus,
145 1979 166 2020 vi
182 1992 206 2019 ac
221 1978 297 2018 natura
311 1975 401 2018 Veneris
416 1990 460 2016 non
474 1977 519 2017 tam
533 1975 597 2029 longe
612 1979 729 2018 recesserat
744 1978 783 2020 (lea
793 1976 826 2019 Si-

87 2057 221 2064 μ.-

157 2090 216 2122 lLair.
234 2091 281 2121 Knlt.
299 2100 316 2130 p.
334 2092 371 2121 145.
395 2091 446 2122 Falso
466 2094 525 2122 autem
538 2092 632 2122 credidisse
645 2092 688 2121 mihi
699 2091 768 2123 videtur
780 2093 827 2123 Wide

88 2150 186 2191 Apollinem
199 2144 283 2192 Κάρνειον
296 2149 313 2177 et
325 2147 409 2177 Venerem
422 2149 439 2177 in
451 2148 490 2178 luco
503 2148 602 2187 Aesculapii
614 2156 649 2177 una
658 2148 714 2178 cultos
723 2156 767 2188 esse,
775 2158 827 2187 quam

88 2206 201 2237 sententiam,
210 2206 228 2234 et
242 2204 259 2233 in
273 2203 308 2233 “De
321 2203 387 2233 sacrm
402 2203 425 2242 (p.
438 2204 465 2241 33]
479 2204 525 2234 etin
539 2204 590 2234 “Lan
603 2203 661 2234 Kult-.“
676 2205 692 2241 [l.
705 2203 722 2240 1.)
736 2205 827 2244 amplexus

88 2265 115 2292 est
126 2261 240 2298 investigator
251 2260 280 2290 ille
293 2260 310 2289 in
322 2259 374 2290 renus
387 2261 441 2290 sacris
453 2261 556 2297 indagandis
569 2261 670 2290 acerrimus.

156 2313 258 2354 ²Myster1a
275 2316 292 2345 in
309 2316 394 2345 honorem
410 2316 482 2346 Veneris
500 2317 517 2346 in
536 2316 592 2355 Cypro
611 2316 698 2346 celebrata
715 2320 760 2348 sunt.
773 2318 826 2349 Olem.

87 2376 135 2405 Alex.
148 2375 204 2403 Prolr.
217 2382 233 2411 p.
247 2373 267 2402 12
280 2374 343 2402 Polter.

157 2426 206 2459 ³Cfr
225 2428 308 2468 Gerberd,
328 2428 356 2458 Gr.
375 2429 429 2466 Msth.
442 2428 451 2465 ξ
464 2430 496 2459 4ἳο
509 2439 524 2459 n.
538 2430 565 2458 2e
578 2432 595 2459 et
607 2429 690 2458 Bliimner
704 2428 827 2460 inBaumeist.

87 2488 190 2525 Denkmffl.
203 2486 240 2516 792.

155 2540 247 2571 ⁴Denlim.
260 2550 276 2579 p.
290 2542 316 2570 88.

157 2595 163 2614 ᾗ
175 2598 216 2627 Lex.
230 2598 245 2627 d.
258 2597 311 2634 Myeh.
324 2596 333 2625 Ι
345 2599 382 2628 399.
