1759 2836
756 50 782 84 '29

70 161 158 202 eandem
175 158 240 200 fuisse
259 172 283 199 ac
303 157 422 200 Minervam
439 157 551 200 Ἑλλωτίδα
567 162 659 209 censent,
678 159 704 201 iis
719 158 810 200 maxime

68 228 139 270 verbis
153 227 198 267 nixi
213 228 268 277 sunt,
284 240 331 279 quae
347 227 402 280 apud
418 226 554 269 scholiastam
570 226 672 268 Pindaril
687 226 766 280 scripta
776 227 810 267 in-

68 295 190 337 veniuntur:
205 299 270 348 τοχεῖν
281 292 302 332 δὲ
313 291 374 348 αὐτὴν
385 294 458 349 ταὺτης
468 300 505 349 τῆς
515 296 651 350 προῡηγορὶας
659 291 766 348 Κορίνθιοι
775 296 810 348 μὲν

69 363 160 415 λέγουσιν
173 359 258 401 ἑλοῦσαν
268 362 303 401 καὶ
313 361 453 416 patratorem
463 363 510 416 παρ’
521 360 588 408 αὐτοῖς
598 363 630 403 τὸν
641 359 746 416 Πήγασον.
772 361 811 403 Oui

69 429 201 471 adnotationi
217 429 337 471 scholiastae
353 429 409 472 haud
423 430 454 472 ita
463 430 554 472 multum
563 430 698 472 tribuendum
711 432 752 481 est;
762 444 811 483 per-

69 497 165 551 spicuum
186 497 241 539 enim
263 500 295 539 est
314 497 355 539 hoc
376 498 485 540 inventum
506 513 552 539 esse
572 501 675 552 tempore,
692 513 733 551 quo
749 497 811 539 obiiti

68 565 112 606 iam
130 567 190 606 erant
208 564 311 616 homines,
327 581 368 619 qua
384 566 409 607 de
425 581 488 607 causa
503 564 601 606 Ἑλλώτια
617 568 737 620 agerentur.
766 565 810 607 Ea-

69 634 117 674 dem
137 635 195 674 recte
217 633 258 674 dici
278 636 367 686 possunt
389 633 414 674 de
428 633 455 675 iis
471 648 561 687 quoque,
578 647 624 686 quae
639 633 703 687 paulo
718 632 774 674 intra
789 634 811 674 in

69 700 155 742 scholiis
169 701 278 755 leguntur:
294 698 312 740 oi
328 700 350 740 δὲ
365 698 404 742 ἀπὸ
420 706 453 741 τοῦ
469 699 529 747 ’ἕλους
544 706 578 741 τοῦ
593 702 637 755 περὶ
651 698 779 754 Μαραθῶνα,
790 699 810 741 ἐν

69 767 84 823 ᾧ
98 766 173 822 ἵδρυται
192 768 233 822 (cfr
247 768 319 822 Etym.
335 768 423 822 Magn),
440 784 567 822 quamquam
582 768 629 810 haec
644 769 709 810 verba
724 769 810 810 maioris

69 836 172 878 momenti
187 838 241 887 sunt,
258 836 307 890 quia
323 836 437 878 ostendunt
452 836 575 878 societatem
586 836 691 890 quandam
701 835 810 890 religionis

68 905 124 946 iuter
143 902 268 946 Corinthum
286 906 307 945 et
325 902 489 945 Marathonem²
506 904 658 946 intercessisse.
688 904 738 945 Ana
758 919 811 957 quo-

69 986 109 1024 que
130 972 165 1013 vei
184 972 256 1025 potius
277 971 323 1013 aiiee
344 972 531 1025 interpretationes
546 972 568 1013 in
583 971 669 1014 schoiiis
685 974 740 1023 sunt,
756 972 811 1013 unde

69 1042 142 1081 nostra
162 1039 228 1080 refert
248 1041 332 1081 tantum
349 1039 456 1081 rettulisse
472 1037 570 1079 Ἑλλώτια
584 1039 683 1081 instituta
698 1053 743 1081 esse
758 1041 810 1090 tum,

69 1121 117 1148 cum
141 1105 210 1149 Dores
230 1106 253 1148 in
273 1106 349 1148 urbem
369 1106 528 1149 Corinthiorum
549 1106 684 1148 invadebant.
714 1106 812 1161 Apparet

68 1174 134 1226 igitur
149 1188 175 1215 ne
190 1174 329 1228 interpretem
344 1174 428 1227 quidem
444 1174 552 1227 antiquum
565 1174 680 1228 quidquam
690 1177 748 1217 certo
760 1189 810 1229 cog-

15 1251 17 1254 ·
69 1241 138 1283 nitum
153 1242 178 1282 de
194 1242 275 1295 origine
287 1242 350 1283 huius
361 1241 469 1283 sollemnis
479 1242 586 1284 hahuisse.
616 1241 648 1283 De
658 1242 735 1285 ritibus
746 1243 817 1284 sacris

70 1323 160 1362 qnoque,
181 1309 253 1362 quiin
271 1308 312 1351 hoc
330 1309 385 1351 festo
401 1309 576 1361 observabantur,
593 1310 669 1362 exigua
684 1325 734 1351 sane
749 1310 811 1352 nobis

69 1377 148 1418 tradita
162 1379 220 1418 sunt:
235 1376 340 1431 interpres
356 1376 443 1419 Pindari
457 1380 530 1418 narrat
545 1378 632 1419 iuvenes
643 1377 701 1419 faces
712 1392 811 1419 accensas

69 1444 166 1486 manibus
184 1444 323 1497 praeferentes
343 1458 410 1496 cursu,
431 1445 464 1486 cui
479 1459 556 1487 nomen
572 1447 628 1487 esset
643 1444 811 1499 λαμπαὸαδρομι-
850 1492 853 1500 1

69 1512 106 1558 atr,
122 1510 181 1563 ἀγὼν,
197 1513 295 1563 certasse,
312 1526 358 1565 quae
374 1525 407 1553 res
419 1512 445 1553 ad
455 1511 614 1554 similitudinem
624 1512 739 1553 maximam
750 1527 810 1554 acce-

70 1579 133 1620 debat
151 1593 230 1629 eorum,
247 1593 293 1632 quae
309 1579 365 1632 apud
379 1578 520 1621 Athenienses
535 1579 558 1620 in
572 1578 736 1620 Panathenaicis
752 1580 810 1622 aliis-

71 1660 110 1699 que
128 1645 189 1687 festis
210 1646 341 1688 celebrandis
356 1647 436 1688 {iebant
443 1645 457 1687 ‘⁰1
487 1645 561 1699 Itaque
579 1649 679 1700 reputans
698 1650 719 1688 et
734 1647 811 1689 similia

69 1713 118 1754 huic
134 1714 197 1766 agoni
212 1713 396 1768 λαμπαδοδροριαῷ
412 1713 502 1755 Athenis
518 1712 617 1767 quoque4
631 1714 678 1755 fieri
692 1714 755 1756 soh'ta
765 1729 811 1757 esse

70 1784 91 1822 et
109 1780 227 1822 Minervam
242 1779 353 1820 Ἑλλωτίδα
368 1780 502 1832 Marathone,
517 1782 540 1822 in
555 1781 655 1835 oppidulo
671 1780 750 1832 Attica,
767 1782 811 1824 cui-

69 1851 115 1889 tum
135 1847 235 1889 hahuisse
256 1847 314 1889 nullo
336 1848 398 1890 modo
420 1848 518 1890 assentiri
536 1862 622 1901 possum
638 1847 759 1900 Wilischio,
775 1849 812 1902 qui

70 1917 142 1956 censet
156 1914 275 1956 Minervam
288 1914 347 1956 iiiam
358 1914 480 1957 Phoeniciae
492 1915 579 1968 originis
589 1914 671 1956 fuisse⁵
681 1916 811 1969 eandemque

69 1982 188 2023 habendam
212 1997 257 2024 esse
280 1997 304 2024 ac
327 1983 385 2024 deam
410 1981 511 2037 Φοινίκην,
534 1983 592 2025 cuius
615 1983 745 2025 mentionem
760 1984 812 2026 facit

139 2094 181 2127 101.
195 2097 237 2127 XIII
250 2098 276 2128 56,
300 2097 330 2127 Ofr
341 2097 398 2135 Etym.
411 2098 468 2135 Magn,
482 2093 574 2135 Ἑλλωτίς.

138 2149 200 2193 ²Au'a,
213 2163 250 2192 quaa
262 2153 304 2184 olim
317 2154 417 2184 communia
428 2154 506 2183 habebat
517 2154 610 2184 Marathon
627 2153 654 2191 [τὰ
668 2152 812 2199 παραθαλάττια

69 2211 102 2253 τῆς
114 2205 207 2254 Ἀττικῆς]
223 2219 263 2240 cum
275 2210 358 2240 Corintho
371 2212 388 2240 et
400 2210 472 2247 Sicyone
484 2210 580 2240 Pausanias
593 2210 611 2240 II
624 2211 638 2250 1,
652 2212 660 2240 1
675 2210 708 2247 (cfr
721 2212 735 2250 fi,
749 2211 764 2248 5]
777 2212 812 2241 En-

69 2267 135 2297 melum
148 2268 237 2297 auctorem
249 2267 323 2310 laudans
337 2269 467 2297 commemorat

138 2318 204 2353 ³ralia
223 2313 291 2362 cursus,
313 2324 343 2362 qni
363 2319 518 2367 λαμπαὸηόρομὶα
537 2324 626 2363 appellata
640 2327 683 2363 erat,
695 2326 713 2354 in
726 2325 811 2356 honorem

69 2378 156 2419 rnnervae,
174 2379 280 2418 Promethei,
293 2379 364 2409 Volcani
377 2379 440 2415 (aanor,
458 2380 511 2418 Soph.
529 2380 570 2410 Oed.
584 2380 620 2409 Col.
634 2380 668 2420 56),
685 2383 748 2419 postea
759 2382 813 2413 Panis

69 2434 139 2473 (Heron
151 2436 175 2466 VI
187 2435 225 2473 105)
238 2436 331 2475 Dianaeque
344 2445 413 2475 qnoque
426 2435 458 2471 (cfr
470 2436 514 2466 Prae.
527 2437 570 2476 Rep.
583 2438 615 2466 328
628 2437 648 2472 Α)
662 2438 751 2475 agebatur,

137 2488 187 2522 4Ofr
205 2493 258 2523 etiam
275 2493 351 2530 Hesych.
369 2503 385 2523 v,
400 2489 471 2524 Ἰλίεια·
489 2490 543 2537 ἑορτὴ
562 2491 580 2524 ὲν
598 2490 701 2537 [Ἀθήναις.
720 2492 743 2530 ἐν]
762 2491 811 2540 Ἰλίῳ

68 2542 153 2592 Ἀθηνᾶς
165 2544 244 2586 Ἰλιάδος
256 2546 287 2580 ταὶ
299 2547 362 2594 πομπὴ
375 2546 405 2579 ant
417 2545 470 2593 ἀγών.

136 2603 143 2623 5
155 2605 175 2636 N.
188 2607 249 2636 Jahrb,
263 2607 291 2636 hir
305 2608 355 2638 class.
368 2607 430 2637 Philol.
442 2616 459 2637 u.
472 2608 524 2637 Pacd.
537 2607 599 2638 0er
612 2607 668 2645 [1878]
682 2609 720 2638 734.
