1759 2836
758 50 783 84 8?

69 159 102 200 his
124 159 175 213 ipsis
198 159 277 201 deabus
300 157 413 199 Plutonem
434 158 513 200 cultum
535 173 581 201 esse
601 159 658 200 inter
673 172 745 199 omnes
761 173 812 199 con-

69 228 112 268 stat
122 227 134 268 ¹.

135 294 198 349 Apud
217 293 327 346 Sicyonios
343 293 411 335 cultus
427 291 509 335 Cereris
525 296 546 335 et
560 293 695 346 Proserpinae
712 293 811 335 vetust's-

68 362 132 403 simus
147 362 212 403 fuisse
228 361 317 401 videtur.
346 360 442 401 Primum
457 360 542 413 quidem
557 361 765 402 commemorandum
781 363 812 402 est

68 430 142 471 urbem
161 429 230 481 ipsam
250 426 368 482 1111111112
384 427 512 482 appellatam
529 443 580 479 esse,
597 428 653 481 quia,
668 431 692 469 ut
706 428 764 469 fama
779 428 811 468 16-

67 497 135 546 rebat,
151 495 214 537 Ceres
229 494 259 536 ibi
274 495 366 548 primum
381 509 482 549 papaver,
497 496 587 537 herbam
602 496 647 536 eius
663 496 707 536 deae
723 510 811 546 sacram,

67 564 187 613 invenerat;
203 577 251 616 quae
266 562 345 615 fabula,
362 562 445 605 etiamsi
461 563 480 604 ei
495 577 544 614 non,
560 565 584 605 ut
594 563 660 605 rerba
670 565 754 615 sonant,
766 577 811 604 cre-

68 631 142 680 dimus,
162 632 234 671 tamen
252 633 325 683 aperte
340 630 433 672 ostendit
451 630 530 672 cultum
547 629 629 672 Cereris
645 629 736 684 Sicyone
751 630 812 672 iusti-

67 700 137 739 tutum
160 697 185 738 ab
209 697 363 750 antiquissimis
384 697 515 751 temporibus
540 697 656 740 secundum
679 712 812 739 communem

67 766 189 819 opinionem
205 765 310 819 originem
325 765 415 806 eluxisse.

135 831 234 874 Cererem
255 832 277 873 in
299 832 351 873 urbe
372 831 520 885 Sicyoniorum
540 832 618 873 cultam
634 846 680 874 csse
695 832 811 873 Pausanias

66 902 163 942 testatur.
193 898 273 942 Narrat
295 899 351 940 enim
374 901 437 941 aetate
455 914 493 941 sua
509 899 540 941 ibi
556 900 684 941 remansisse
701 899 811 953 templum,

67 968 123 1020 quod
138 966 264 1017 Plemnaeus,
279 981 318 1008 rex
333 966 419 1020 quidam
434 967 541 1020 antiquior
557 966 704 1021 Sicyoniorum
720 967 812 1020 gratiam

67 1035 111 1076 deae
126 1035 227 1084 referens,
244 1034 300 1086 synod
316 1033 426 1075 educasset
440 1033 515 1085 11111111,
530 1033 601 1076 Cereri
616 1034 740 1076 dedicasset.
766 1033 811 1084 Qua

67 1103 92 1143 de
111 1117 134 1154 re
153 1102 194 1143 atio
209 1101 257 1142 loco
273 1101 329 1155 apud
344 1101 434 1142 eundem
449 1101 575 1155 scriptorem
590 1103 623 1143 est
637 1100 768 1143 Ptemnaeum
783 1101 810 1142 il-

66 1170 116 1220 lum,
138 1183 186 1211 cum
201 1183 274 1210 omnes
288 1169 374 1220 liberos
390 1183 443 1222 quos
458 1170 576 1223 peperisset
590 1184 644 1210 uxor
660 1169 711 1220 eius,
727 1169 810 1210 amisis-

66 1240 105 1287 set,
121 1236 147 1277 ad
162 1238 244 1277 tantam
259 1236 428 1278 misericordiam
443 1235 541 1278 Cererem
556 1237 648 1287 flexisse,
659 1239 683 1277 ut
692 1237 762 1290 figura
771 1251 809 1290 pe-

65 1305 157 1358 regrinae
179 1304 273 1346 mutiens
295 1304 369 1346 induta
385 1318 457 1345 euram
471 1304 511 1346 filii
526 1304 671 1358 Orthopotidis
687 1302 817 1358 susciperet.¹

66 1370 135 1413 Nemo
158 1375 196 1422 est,
220 1372 270 1424 quin
292 1371 407 1426 perspiciat
428 1372 476 1414 haec
491 1372 517 1413 ad
532 1387 636 1414 summam
651 1371 811 1413 similitudinem

67 1439 168 1480 accedere
183 1453 262 1489 eorum,
279 1453 326 1492 quae
341 1439 442 1481 Eleusine
458 1440 483 1480 de
501 1439 652 1492 Demophonte
666 1439 811 1493 prodebantur

69 1534 91 1537 —
103 1506 125 1547 id
140 1507 223 1547 tantum
239 1509 375 1548 mutaverunt
389 1504 490 1560 Sicyonii,
502 1507 564 1559 quod,
572 1509 596 1548 11
606 1506 648 1547 sibi
657 1507 709 1560 ipsis
720 1506 811 1560 gloriam

66 1574 205 1625 vindicarent,
228 1588 280 1627 opus
303 1576 355 1616 erat.
384 1572 575 1616 Animadversione
598 1574 684 1628 dignum
700 1576 738 1625 est,
755 1574 811 1628 1111111
842 1616 844 1619 ,

66 1641 182 1683 Pausanias
197 1657 224 1683 ne
234 1656 275 1683 uno
286 1642 371 1695 quidem
380 1642 444 1684 verbo
455 1642 568 1695 significat,
579 1645 651 1684 utrum
658 1642 699 1684 hoc
707 1643 811 1697 temptum

66 1723 177 1751 commune
198 1709 263 1751 fuerit
286 1708 357 1751 Cereri
380 1724 428 1751 cum
448 1708 577 1763 Proserpina
592 1724 665 1761 necne,
682 1725 707 1752 61
723 1725 765 1763 qiro
780 1711 810 1752 si-

65 1777 131 1819 lentio
155 1792 283 1830 quamquam
304 1776 359 1818 111111
381 1778 434 1819 66111
457 1777 582 1820 concludere
602 1778 653 1821 lieet
668 1779 810 1832 suspicionem

67 1846 129 1886 affert
150 1846 185 1887 tric
208 1846 233 1886 de
256 1845 343 1899 antiquo
365 1845 423 1887 61111
444 1846 548 1899 principio
566 1846 588 1887 in
608 1846 712 1888 honorem
728 1846 809 1889 Cereris

65 1913 130 1955 solius
153 1914 238 1955 condito
259 1913 300 1967 agi,
321 1913 344 1955 in
359 1928 422 1968 quein
436 1917 511 1969 postea
526 1915 593 1956 multa
608 1929 634 1956 ex
650 1914 708 1957 61111
723 1915 808 1958 Eleusi-

65 1981 100 2024 nio
117 1983 164 2023 orta
178 1982 311 2036 irrepserint.

135 2129 141 2149 ¹
153 2133 172 2163 Ε,
186 2132 271 2172 Gerhard,
285 2132 314 2163 Gr.
326 2133 380 2170 myth.
393 2132 402 2169 ξ
415 2134 448 2163 cio
461 2143 476 2163 n.
490 2134 498 2163 7
512 2134 601 2163 contendit
613 2135 695 2164 Cererem
704 2131 809 2179 1161151111

66 2200 76 2220 a
88 2190 182 2221 Corinthiis
195 2190 260 2220 cultam
272 2198 316 2228 esse,
329 2190 375 2228 quod
388 2190 433 2219 sicut
445 2189 522 2219 maxima
533 2199 575 2229 pais
589 2192 686 2220 ceterarum
698 2200 762 2231 reruni,
771 2201 808 2231 qna

65 2247 83 2276 in
95 2248 157 2277 eadem
170 2248 211 2276 nota
222 2246 287 2285 insunt,
300 2246 343 2275 mihi
355 2245 425 2284 probari
437 2254 471 2275 nou
483 2247 551 2284 potestj,
565 2248 592 2277 uel
604 2248 748 2287 loeuslaudatus,
757 2250 809 2279 Paris,

65 2303 83 2332 Π
96 2304 122 2343 22,
136 2304 151 2343 2,
164 2303 240 2333 ostendit
252 2303 273 2332 de
285 2303 339 2333 sacris
353 2302 482 2333 Corinthiorum
495 2312 530 2332 non
543 2305 575 2340 agi.
599 2304 658 2334 Etiam
670 2305 688 2335 F.
697 2305 808 2345 G.Welcker,

66 2359 96 2389 Gr.
115 2360 188 2390 Gdtterl.
207 2360 225 2389 II
244 2361 281 2400 506,
300 2360 344 2390 falso
358 2360 439 2390 Cererem
451 2355 522 2391 11111111
533 2361 620 2399 templum
634 2361 712 2391 Corinthi
724 2363 807 2393 habuisse

66 2417 126 2447 eredit.

135 2481 142 2500 ‘²
160 2486 217 2516 strab.
236 2486 278 2516 VIII
296 2487 334 2517 382.
358 2485 391 2531 τὴν
409 2483 428 2517 δὲ
442 2482 521 2519 Sinuare.
533 2487 616 2534 πρότερον
628 2486 721 2534 Marciana
734 2488 808 2523 ἐκάλουν

65 2539 103 2573 art.
121 2542 148 2571 Et.
160 2542 218 2580 Magn.
231 2553 247 2574 1.
260 2540 352 2589 dinastus:
366 2541 436 2589 εἴρηται
449 2542 510 2584 οὕτως,
524 2544 549 2577 ὅτι
563 2544 641 2579 ἐνταῦθα.
653 2551 721 2591 πρῶτον
730 2541 769 2593 εὗρε
778 2548 807 2580 τὸν

65 2599 99 2643 τῆς
112 2595 195 2643 piperatos
208 2599 275 2644 καρπὸν
287 2597 301 2645 ἡ
314 2597 411 2647 Δημήτηρ.
436 2600 466 2630 Cir
478 2601 538 2642 Steph.
550 2602 591 2641 Byz.
605 2612 620 2633 v.
633 2599 705 2635 Σικυών.
