1759 2836
727 54 752 89 65

39 157 135 201 Corinthi
151 163 196 203 tum
212 160 279 202 alibil
294 161 404 215 proprium
418 161 483 203 fuisse
498 162 589 209 uidetur,
598 162 654 214 quod
664 163 781 216 saepissime

39 226 131 281 virgines
155 226 264 282 ἱερόδουλοι
286 232 353 280 erant,
376 243 464 282 quarum
485 232 531 271 erat
551 228 674 270 libidinibus
690 230 781 272 cuiusvis

39 294 80 336 viri
94 311 176 337 morem
191 310 265 349 gerere
280 297 356 350 pretio,
373 296 429 349 quod
444 297 488 338 deae
504 297 599 338 debitmu
609 297 636 337 ad
647 311 697 350 opes
707 298 782 351 templi

41 363 63 402 et
84 363 143 404 urbis
164 363 271 415 augendas
286 364 401 417 plurimum
419 363 539 406 adiuvabat.
561 363 643 405 Auctor
659 366 691 405 est
706 363 783 406 Strabo

40 430 155 482 “templum
177 429 279 471 Veneris“
297 435 342 472 tam
358 430 416 472 dives
433 429 518 482 fuisset
533 431 619 484 utplus
634 430 693 472 mille
709 446 781 473 servas

39 496 83 538 deae
106 497 201 548 haberet,
225 500 246 539 et
269 513 310 551 qua
331 498 435 539 decausa
449 500 532 539 tautum
546 507 657 540 numerum
673 514 782 541 servarum

39 565 147 618 acceperit
169 565 214 616 dea,
238 580 264 606 ex
285 565 391 607 Athenaeo
415 566 566 619 comperimus:
586 568 659 607 narrat
675 567 730 608 enim
745 567 781 608 ille

38 646 120 674 morem
141 632 207 674 tuisse
230 633 286 687 apud
309 633 437 684 Corinthios,
460 636 483 674 ut
506 634 569 684 cives,
585 634 603 675 si
619 637 689 675 esseut
704 635 782 688 adepti,

39 701 95 752 quod
111 714 123 740 a
133 700 173 741 dea
182 700 265 753 precati
273 703 350 752 essent,
361 703 464 743 voverent
473 715 495 743 se
505 702 549 743 deae
558 699 638 754 ἑταίρας
647 701 781 743 dedicaturos

39 782 91 809 esse.
106 767 231 809 Meretrices
246 767 289 809 illae
305 792 331 796 -
347 768 383 810 vix
392 768 433 809 alio
446 769 531 810 nomine
542 768 611 821 dignae
623 770 683 809 erant
691 766 781 822 ἱερόδου-

39 835 72 874 λοι
82 834 198 876 Oorinthiae
207 834 298 876 Veneris
307 838 411 876 —tamen
420 850 463 877 non
470 835 566 877 infimum
574 836 684 888 dignitatis
693 836 782 889 gradum

38 904 131 944 tenuisse
151 903 256 962 uidentur,
271 918 321 944 uam
336 904 353 944 si
369 902 474 944 Athenaeo
489 904 542 944 fides
557 904 655 944 habenda
670 912 709 954 est,
725 904 781 945 auti-

39 984 91 1023 quus
113 971 168 1024 apud
189 969 310 1012 Corinthios
325 970 430 1011 manebat·
441 984 492 1022 mos,
511 973 541 1022 ut,
558 985 605 1012 cum
619 971 642 1011 in
656 985 734 1024 magno
749 972 781 1012 di-

38 1037 137 1079 scrimine
151 1037 183 1079 rei
197 1037 288 1091 publicae
304 1037 409 1079 Venerem
425 1037 561 1091 imploraturi
572 1040 649 1089 essent,
661 1052 724 1090 quam
733 1038 756 1092 pl
772 1063 781 1070 -

38 1104 103 1147 rimas
126 1120 197 1146 earum
221 1107 359 1155 assumerent,
377 1107 402 1145 ut
416 1119 455 1157 pro
471 1105 552 1146 civibus
568 1101 691 1157 deprecatae
702 1105 782 1158 templa

39 1172 84 1213 deae
104 1172 193 1213 adirent.
223 1171 290 1212 Velut
304 1171 361 1213 bello
377 1170 463 1212 Persico
479 1174 577 1213 auctores
594 1175 643 1212 sunt
661 1171 782 1225 Theopom-

37 1253 76 1292 pus
99 1238 233 1280 et'Timaeus
256 1239 378 1280 meretrices
402 1238 450 1279 illas
472 1239 495 1280 iu
516 1239 620 1292 templum
635 1238 726 1281 Veneris
744 1254 781 1281 re-

38 1306 120 1347 nientes
143 1306 203 1347 deam
225 1308 322 1359 precatus
342 1319 394 1356 esse,
409 1308 434 1347 ut
448 1306 539 1359 patriam
554 1308 655 1357 servaret,
671 1307 711 1358 rel,
727 1307 782 1348 sicut

39 1374 94 1426 apud
116 1372 255 1414 scholiastam
275 1371 362 1414 Pindari
385 1375 406 1413 et
427 1371 566 1414 Plutarchum
581 1373 684 1426 scriptum
698 1374 781 1415 iuveni-

38 1454 91 1491 mus,
114 1442 137 1481 ut
160 1439 298 1493 cupiditatem
321 1454 367 1480 cum
389 1438 461 1480 Persis
484 1440 598 1481 dimicandi
619 1440 670 1481 viris
685 1439 780 1481 iniceret.

39 1506 90 1554 Qua
113 1506 240 1560 supplicatio
262 1509 350 1559 propter
372 1505 490 1559 periculum
511 1507 533 1547 in
551 1521 645 1559 praeseus
668 1506 781 1548 imminens

39 1573 125 1615 decreta
140 1576 194 1624 erat3
211 1574 248 1614 sed
263 1574 327 1614 etiam
343 1576 398 1615 stata
413 1573 435 1613 iu
449 1573 554 1615 honorem
568 1573 659 1616 Veneris
669 1575 781 1615 sollemnia

38 1640 175 1682 celebrabant
197 1640 308 1692 Corinthii,
325 1641 400 1694 quibus
415 1641 501 1682 uomina
517 1644 577 1683 eraut
591 1639 720 1697 'appetitum
737 1642 780 1683 sol·
817 1645 819 1647 ’

39 1779 71 1808 deo
84 1779 112 1809 vel
125 1779 160 1808 dere
173 1777 275 1816 consecrati,
288 1778 317 1816 qui
330 1778 376 1807 servi
391 1777 467 1807 numinis
480 1777 536 1808 habiti
548 1777 580 1814 (cfr
592 1777 633 1808 Eur.
646 1777 706 1808 Ionr.
714 1779 746 1808 309
755 1787 780 1816 sq,

37 1837 67 1866 τοῦ
80 1833 125 1867 θεοῦ
138 1831 228 1878 Ιααλοῦμαι
241 1830 304 1872 δοῦλός
318 1830 353 1878 εἶμί
365 1834 385 1873 τ’,
399 1828 412 1865 ὦ
424 1831 481 1878 γύναι.
492 1829 493 1875 l
504 1831 592 1878 ἀνάθημα
604 1830 673 1871 πόλεως
686 1831 730 1871 κτλ.)
744 1834 780 1873 ple-

38 1899 112 1929 rumque
131 1890 202 1920 servilis
220 1899 297 1929 munera,
320 1899 357 1928 qure
376 1890 397 1919 ati
418 1890 484 1919 cultum
502 1890 617 1928 pertinebunt,
636 1890 781 1927 exsequebantur.

38 1946 140 1976 Hierodulia
152 1946 183 1976 illa
195 1946 253 1975 cultus
265 1945 337 1976 Veneris
349 1946 420 1984 propria
433 1954 466 1975 non
479 1947 524 1983 eratg
536 1945 572 1975 iam
584 1954 639 1984 supra
647 1946 707 1975 monui
715 1946 780 1975 liberos

38 2002 56 2031 in
69 2003 117 2032 cultu
129 2002 201 2032 Iunonis
214 2003 273 2040 partes
287 1997 393 2046 ἱεροδούλων
406 1990 534 2039 quodammodo
547 2002 613 2031 tutatos
622 2010 666 2031 esse.
680 2000 709 2031 cu·
718 2002 781 2032 Schoe-

38 2067 96 2096 manu,
109 2058 138 2088 Gr.
151 2057 224 2088 Alterth.
236 2052 263 2087 11³
276 2058 307 2088 219
321 2067 346 2096 sq.

107 2122 113 2141 ¹
126 2125 156 2155 ou·
168 2124 224 2154 Strab.
237 2124 248 2154 l.
262 2133 275 2154 s.
288 2125 299 2154 l.
313 2127 330 2154 et
341 2124 374 2153 XII
387 2125 424 2154 559.

108 2188 115 2208 2
127 2192 189 2222 Utrum
207 2192 229 2220 ad
241 2193 326 2231 templum
338 2192 356 2221 in
369 2191 434 2220 Oraneo
447 2191 506 2227 situm,
519 2201 540 2220 an
554 2192 575 2220 ad
587 2191 673 2229 templum
685 2191 702 2220 in
716 2193 780 2221 vertice

39 2248 159 2277 Acrocorinthi
172 2248 266 2286 conditum,
279 2257 301 2277 an
314 2248 335 2277 ad
348 2248 395 2277 aliud
407 2247 494 2284 quoddam
506 2248 598 2286 templum,
611 2247 660 2276 cuius
669 2248 752 2277 memoria
759 2248 781 2277 ad

39 2313 70 2333 nos
90 2314 123 2334 non
142 2305 169 2334 est
181 2304 253 2342 perlata,
266 2304 384 2343 spectaverint
396 2303 457 2333 Strabo
471 2303 539 2343 aliique,
552 2304 582 2342 qui
594 2304 615 2333 de
629 2303 704 2341 “templo
717 2303 779 2333 divite¹⁵

38 2360 109 2389 Veneris
122 2360 214 2389 Corinthia
226 2360 280 2389 rerba
292 2361 376 2398 fecerunt,
389 2369 423 2389 nou
436 2359 478 2388 satis
491 2362 569 2399 apparet,
583 2360 614 2389 sed
626 2359 780 2389 verisimillimum

38 2415 107 2445 videtur
119 2416 197 2454 omnia,
210 2424 253 2454 quie
266 2417 293 2445 ud
305 2417 387 2446 cultum
400 2415 535 2445 Corinthium
547 2415 636 2445 Veneris
645 2416 780 2454 spectabant,

39 2471 72 2500 nisi
91 2474 150 2509 aperte
162 2472 218 2505 „aliter
235 2472 301 2501 dictum
317 2474 349 2510 est,
367 2472 422 2501 relata
440 2480 479 2500 esse
493 2472 514 2501 ad
527 2472 612 2509 templum
624 2471 780 2511 Acrocorinthium¹

31 2526 86 2565 'quod
98 2528 191 2565 quominus
204 2537 244 2557 cum
256 2537 319 2566 magno
333 2537 373 2565 agro
386 2530 439 2557 sacro'
449 2529 529 2565 quamvis
541 2528 600 2566 ipsum
612 2537 686 2566 parvum
699 2528 780 2558 coniunc-

39 2585 76 2613 tum
89 2584 141 2614 fuerit
153 2585 197 2614 nihil
209 2585 271 2614 obstat.

711 2663 720 2690 5
