1759 2836
703 70 741 105 159

29 175 146 228 posteriore
168 179 224 217 certe
246 177 309 217 aetate
324 174 393 216 locum
409 174 466 216 haud
481 175 658 217 contemnendum
673 178 695 219 in
711 179 769 221 cultu

30 242 139 284 Corinthio
155 242 279 293 obtinuisse,
295 242 351 295 quod
366 256 414 283 cum
429 256 440 282 e
455 242 525 284 verbis
536 242 648 285 Pausaniae
658 247 703 286 tum
715 261 725 287 e
735 249 768 288 te-

29 309 134 351 stimoniis
149 324 284 351 nummorum
299 308 372 350 coicio
394 307 451 349 Nam
461 309 479 350 si
489 323 520 360 ea,
531 324 578 363 quae
590 309 715 354 aPausania
725 317 768 355 tra-

30 377 74 418 dita
91 380 146 428 sunt,
162 376 297 427 attendimus,
315 375 428 417 Herculem
439 376 465 417 ad
474 377 583 429 propylaea
593 381 661 431 porta
671 378 768 423 Lechaeae

29 444 162 486 imminentia
176 444 237 497 signo
248 458 313 484 aeneo
323 443 451 484 honoratum
460 443 525 485 fuisse
536 446 689 497 cognoscimus.
705 447 769 490 Aliud

30 526 113 565 quoque
128 512 213 565 signum
227 511 326 552 Herculis
341 512 418 552 nudum
431 513 494 564 atque
505 511 585 565 eligno
595 512 675 555 factum
685 515 707 555 in
717 516 769 558 urbe

30 579 189 621 Corinthiorum
211 578 388 632 conspiciebatun
411 578 444 619 cui
465 581 546 619 tantam
563 583 690 623 vetustatem
707 586 770 625 aetate

30 646 122 688 auctoris
144 647 212 688 nostri
233 645 356 687 tribuebant
377 646 481 696 homines,
505 649 529 687 ut
551 646 677 689 Dadaium1
702 651 769 692 artifi-

30 729 76 756 cem
89 713 230 764 nominarem,
246 714 302 766 quod
317 714 402 767 signum
416 727 482 767 prope
497 713 601 767 templum
611 714 713 758 Minervae
725 716 769 758 Xa-

29 780 120 828 λινίτιδος
139 781 233 835 positum
247 781 338 822 fortasse
353 781 434 822 indicat
448 780 563 822 Herculem
577 783 633 836 apud
648 782 769 828 Corinthios

30 864 77 890 omn
91 849 131 890 hac
147 848 186 889 dea
200 848 305 889 rationem
319 848 426 898 habuisse,
443 862 506 900 quam
522 851 543 889 et
557 849 580 889 in
595 850 653 892 cultu
668 856 689 893 et
703 853 726 894 in
736 854 769 895 fa-

28 916 84 958 bulis
103 919 123 957 et
137 916 160 957 in
175 915 274 969 operibus
285 915 390 956 artificum
400 914 516 968 saepissime
527 930 648 970 expressam
659 933 705 961 esse
714 921 770 963 inter

30 998 101 1026 omnes
117 985 206 1025 constat.
232 980 273 1023 Sed
289 981 353 1023 etiam
368 996 415 1023 cum
431 981 477 1023 aliis
493 982 532 1023 diis
547 983 662 1026 Herculem
673 986 769 1029 Corinthi

29 1052 163 1093 coniunctum
185 1049 250 1091 fuisse
271 1049 351 1090 nummi
372 1050 458 1091 docent:
482 1050 540 1091 velut
555 1051 673 1105 complures
689 1056 769 1096 nummi

29 1122 91 1160 aetate
112 1119 264 1170 imperatorum
287 1115 431 1157 Romanorum
453 1117 532 1169 signati
554 1120 633 1160 servati
656 1124 710 1172 sunt,
734 1123 770 1174 qui

27 1186 142 1239 imaginem
156 1183 254 1226 Herculis
270 1186 291 1224 et
307 1197 354 1224 cum
369 1182 459 1225 Veneris
476 1198 499 1224 ac
514 1183 610 1238 Neptuni
625 1189 647 1228 et
662 1201 708 1229 cum
724 1188 769 1231 Ve-

28 1253 85 1294 neris
100 1252 165 1294 solius
181 1250 252 1304 effigie
267 1265 309 1291 una
323 1250 416 1303 positam
425 1251 528 1303 praebent.
554 1251 605 1293 Cum
616 1252 701 1296 Venere
711 1256 769 1298 nullo

29 1321 70 1362 alio
84 1320 139 1370 loco,
156 1318 298 1377 quodpeiam,
314 1318 381 1359 cultus
393 1319 542 1360 commercium
552 1319 646 1362 habebat
656 1321 769 1374 Herculem

29 1402 76 1429 cum
96 1386 196 1439 Neptuno
217 1388 294 1437 autem,
310 1400 372 1438 quem
387 1384 481 1427 fabuiae2
495 1401 654 1440 nonnumquam
670 1390 769 1432 adversa-

28 1455 83 1495 rium
99 1453 198 1494 Herculis
218 1452 283 1493 fuisse
298 1452 384 1503 faciunt,
401 1452 465 1493 etiam
480 1451 559 1505 Aegii3
573 1456 708 1497 necessitudo
724 1458 769 1499 cul-

27 1524 62 1563 tus
76 1519 164 1562 Herculi
178 1519 330 1561 intercedebat.

96 1597 148 1640 Cum
168 1597 253 1639 Venere
271 1597 343 1651 igitur⁷
360 1612 423 1650 qnam
437 1597 597 1651 religiosissime
613 1599 710 1642 Corinthi
726 1603 770 1644 cul-

28 1670 73 1708 tam
92 1665 157 1707 fuisse
179 1658 267 1713 constat,
287 1666 370 1705 etcum
384 1663 492 1718 Neptuno,
509 1665 545 1718 qui
559 1666 605 1719 ipse
621 1682 704 1722 quoque
720 1671 770 1712 deus

29 1731 116 1775 maximi
131 1731 234 1773 momenti
249 1731 304 1784 apud
319 1729 441 1773 Corinthios
457 1734 508 1784 erat,
524 1734 545 1791 et
560 1732 650 1776 fortasse
666 1750 713 1778 cum
728 1737 769 1778 hli-

30 1815 95 1843 nerva
110 1800 132 1841 in
148 1800 206 1842 cultu
221 1798 331 1841 Corinthio
347 1798 515 1852 coniungebatur
525 1799 634 1843 Hercules.
654 1801 714 1851 Quod
723 1819 770 1846 cnm

29 1869 60 1927 ita
75 1868 108 1919 sit,
124 1868 168 1909 iis*
183 1867 281 1910 assentiri
295 1882 338 1909 non
352 1882 445 1921 possmn,
454 1868 490 1921 qui
503 1868 544 1910 sibi
553 1874 703 1923 persuaserunt
713 1872 769 1914 Her-

30 1936 99 1978 culem
120 1936 145 1977 ad
166 1935 248 1977 fabulas
265 1936 342 1977 autad
358 1935 437 1977 cultum
453 1935 611 1978 Corinthiorum
627 1939 711 1981 omnino
727 1955 769 1982 non

27 2004 155 2058 pertinuisse
163 2002 177 2045 ⁵.

95 2082 120 2124 ln
140 2084 219 2125 maiore
243 2083 308 2125 etiam
328 2083 409 2125 honore
424 2085 487 2124 aetate
502 2084 613 2126 Pausaniae
629 2085 719 2140 Sicyone
734 2088 768 2131 fu-

99 2206 175 2239 lEticm
191 2208 256 2238 Thebis
273 2208 362 2238 Daedalum
378 2209 446 2246 signnm
462 2209 541 2239 Herculis
554 2210 658 2242 fabricatum
671 2222 709 2243 esse
722 2215 768 2245 fama

28 2268 69 2296 erat.
83 2266 133 2296 Pons.
146 2265 170 2295 IX
182 2266 209 2305 40,
222 2266 236 2294 3.

96 2329 102 2348 2
115 2333 144 2363 Ofr
157 2333 241 2371 Gerhard,
254 2332 283 2362 Gr.
296 2332 350 2369 myth.
363 2331 372 2368 ἓ
385 2333 417 2362 244
430 2342 445 2362 n.
459 2335 491 2363 30.

96 2384 102 2404 ³
114 2390 165 2420 Pons,
177 2389 210 2419 VII
222 2390 248 2427 23,
262 2390 288 2418 10.

94 2442 133 2477 4Ε.
145 2446 216 2477 Wilisch
233 2446 253 2476 N.
271 2446 330 2475 Jahrb.
349 2446 377 2475 fiir
397 2446 448 2475 crass.
463 2447 524 2477 Philoi.
542 2457 559 2478 u.
572 2449 623 2478 Paed.
637 2450 698 2481 0st
710 2452 766 2488 (18ch

28 2503 59 2533 726
72 2512 88 2531 11,
102 2502 117 2532 3.

95 2554 102 2574 ⁵
114 2559 171 2588 Etiam
183 2559 200 2588 in
213 2568 252 2589 arca
265 2559 334 2598 Cypseli
346 2559 444 2597 complures
457 2560 541 2598 imagines
553 2563 633 2593 Herculis
642 2564 703 2594 effictae
712 2568 765 2595 erant.
807 2576 811 2582 ·

27 2616 77 2646 Paus.
90 2615 104 2644 V
117 2616 143 2654 17,
156 2617 170 2655 9,
185 2616 212 2654 113
227 2617 252 2655 18,
265 2618 285 2653 45
299 2617 324 2654 lc,
338 2618 353 2655 1,
366 2617 380 2646 9.
