1759 2836
119 52 143 88 36

157 159 253 207 ὡσαύτως
268 161 289 200 δὲ
304 162 338 200 καὶ
353 162 374 200 τὸ
389 168 423 202 τοῦ
438 160 576 206 Ἀπόλλωνος·
592 162 613 200 τὸ
625 160 646 200 δὲ
656 158 776 214 apelleae,
787 166 827 205 τοῖς

158 227 229 282 ἱερεῦσι
243 229 361 268 assecuta
377 230 435 283 μόνον
450 228 496 269 ἔστι.

89 296 186 340 Nummi:
210 296 255 338 The
275 295 349 338 Journ.
371 297 395 338 ot'
411 297 460 339 hell.
476 297 530 339 stud.
550 295 603 339 Vlll
618 297 644 339 55
659 295 736 350 Apollo
751 295 827 346 nahed,

95 365 97 367 ’
142 368 145 373 '
158 363 256 416 standing·
273 366 296 405 to
314 363 381 417 right3
402 364 451 407 bow
465 364 487 406 in
503 364 609 406 advanced
623 364 663 406 left
677 363 733 417 hand
749 361 826 416 (Geta).

158 476 231 518 Multis
246 475 298 518 locis
315 476 383 518 cultus
398 475 503 531 Apollinis
519 477 574 530 apud
589 476 709 519 Corinthios
719 476 828 518 institutus

91 548 142 586 erat.
165 543 246 585 Praeter
257 546 328 584 cetera
338 544 435 586 floruisse
445 544 529 586 videtur
536 544 645 598 templum,
654 544 715 597 quod,
723 547 747 586 ut
755 546 828 585 auctor

63 608 65 610 ’
91 617 122 654 est
137 611 260 662 Pausanias,
272 610 384 665 Sicyonem
395 627 467 653 versus
476 626 487 652 e
495 612 541 653 foro
550 612 674 653 exeuntibus
683 612 756 653 dextra
764 612 826 653 situm

91 683 145 730 erat,
161 679 206 721 reri
221 678 289 720 simile
305 681 337 720 est
351 679 392 720 hoc
406 679 463 721 idem
477 680 512 721 vel
527 682 584 721 certe
595 680 669 721 eodem
678 680 725 722 loco
735 680 828 733 positum

90 748 155 791 fuisse
170 762 194 789 ac
209 746 318 799 templum,
334 747 390 800 quod
405 746 448 789 iam
462 747 593 801 temporibus
604 750 742 801 tyrannorum
753 746 827 789 Corin-

89 816 182 858 thiorum
200 813 306 856 exstitisse
326 817 398 855 narrat
412 814 540 857 Herodotus.
569 814 697 857 Perianderl
713 816 768 857 enim
783 816 827 857 filio

89 884 166 925 minori
181 885 233 924 natu
247 882 313 923 iratus
329 883 397 923 edicto
413 882 489 934 sanxit,
505 897 531 924 ne
542 883 639 936 cuiquam
649 882 709 924 illum
720 884 781 925 domo
791 899 828 924 sua

89 953 184 1005 recipere
197 950 281 1001 liceret3
298 950 354 1003 quod
369 950 386 991 si
402 951 448 1004 quis
463 950 554 1001 fecisset,
565 950 654 992 multam
663 952 771 1004 penderet,
780 965 827 1004 quoe

90 1035 150 1062 sacra
166 1022 221 1061 esset
231 1016 337 1071 Apollinis
345 1016 358 1058 ².
382 1016 433 1066 ouae
444 1032 478 1059 res
488 1018 577 1060 multum
588 1017 679 1060 valuisse
690 1019 745 1072 apud
753 1017 827 1059 Corin-

89 1088 146 1130 thios
161 1086 194 1128 his
209 1086 340 1139 temporibus
350 1101 428 1128 numen
438 1086 544 1140 Apollinis
552 1087 637 1129 indicat.
659 1086 718 1129 ldem
725 1087 827 1140 templum

91 1158 153 1198 erare
169 1154 230 1196 Arati
244 1153 314 1195 locum
329 1153 401 1204 fuisse,
418 1169 459 1208 quo
475 1155 501 1196 ad
516 1154 674 1196 deliberandum
685 1154 709 1197 de
719 1154 828 1208 republica

91 1223 195 1265 Corinthii
216 1222 359 1274 corruenireut,
380 1222 507 1264 Plutarchus
523 1223 590 1265 docet.
620 1222 730 1265 Postremo
745 1223 828 1275 titulus,

91 1306 154 1345 quem
178 1289 237 1344 Spon
258 1293 279 1332 et
302 1289 392 1332 Wheler
415 1305 439 1332 eo
462 1290 515 1342 loco,
538 1291 574 1333 ubi
596 1291 660 1333 situm
682 1291 752 1333 fuerat
773 1293 827 1332 tem-

89 1359 148 1413 plum
171 1358 279 1411 antiquum
303 1356 414 1412 Apollinis
436 1358 568 1410 invenerunt,
589 1359 681 1400 ostendit
699 1358 826 1413 Apollinem,

51 1444 53 1447 ’
90 1428 168 1481 quippe
191 1441 253 1479 quem
275 1428 349 1479 postea
372 1440 419 1467 cum
439 1425 494 1468 Divo
515 1425 612 1480 Augusto
633 1426 790 1480 coniungerent,
806 1427 828 1468 in

90 1496 170 1537 honore
185 1493 292 1547 praecipuo
308 1494 363 1546 apud
379 1492 499 1535 Corinthios
514 1494 586 1536 fuisse.

157 1561 215 1603 luter
231 1561 272 1602 alia
287 1561 366 1615 templa
381 1564 402 1602 et
418 1564 504 1613 statuas,
521 1576 567 1615 quae
578 1562 600 1603 in
609 1562 712 1604 honorem
722 1561 827 1615 Apollinis

90 1629 186 1672 Corinthi
208 1629 278 1683 posita
301 1632 367 1680 erant,
390 1630 481 1682 primum
502 1632 594 1671 statuam
614 1628 720 1684 Apollinis
736 1627 827 1684 Κλαρίου

89 1697 205 1740 Pausanias
221 1699 377 1738 commemorat.
402 1696 449 1739 Hoc
464 1711 582 1751 cognomen
593 1696 679 1739 ductum
689 1712 734 1740 esse
743 1697 769 1738 ab
779 1704 826 1739 ora-

91 1767 138 1808 culo
160 1765 216 1806 claro
238 1767 259 1805 et
280 1764 359 1805 celebri
379 1764 491 1818 Apollinis,
511 1766 567 1818 quod
580 1780 646 1819 prope
662 1765 827 1820 Colophonem3,

90 1833 163 1875 urbem
178 1831 244 1874 leniae
260 1831 371 1885 inprimis
387 1832 515 1885 opulentam,
526 1833 590 1875 situm
601 1836 652 1885 erat,
661 1836 755 1887 apparet.
778 1833 827 1875 Cul-

90 1905 124 1943 tus
141 1901 184 1942 eius
195 1900 229 1941 dei
244 1902 304 1941 extra
319 1899 372 1941 fines
387 1898 444 1941 Asiae
460 1900 590 1954 temporibus
606 1901 757 1954 antiquissimis
772 1901 828 1942 hauri

89 1969 120 2011 ita
134 1970 262 2023 pervagatus
277 1967 343 2009 fuisse
359 1967 448 2009 ridetur.
473 1967 594 2011 Posteriore
610 1972 673 2010 aetate
686 1968 827 2022 compluribus

90 2036 142 2078 locis
152 2035 187 2077 hic
200 2036 250 2076 deus
262 2034 377 2086 colebatur,
389 2035 414 2076 [le
425 2050 466 2088 qua
473 2050 496 2077 re
504 2036 558 2087 vide,
567 2050 614 2090 quae
623 2037 684 2078 affert
692 2035 827 2078 WernieleA.

157 2102 222 2144 Aliud
240 2102 343 2156 templum
358 2106 379 2144 et
394 2105 487 2144 statuam
502 2119 568 2157 prope
583 2104 663 2146 iontem
679 2104 778 2155 nobilem,
795 2105 828 2146 cui

90 2186 167 2212 nomen
190 2172 235 2211 erat
257 2169 340 2221 Pirene,
362 2169 485 2223 Apollinem
505 2170 604 2213 habuisse
626 2171 682 2225 apud
701 2170 828 2213 Pausaniam

91 2239 193 2292 scriptum
207 2238 332 2278 invenimus.

160 2326 166 2346 1
178 2330 241 2360 Herod,
254 2329 281 2359 ΠΙ
294 2330 320 2360 52.

159 2382 166 2402 2
177 2386 267 2416 Eiusmodi
278 2386 342 2425 multa,
356 2383 401 2430 {spui
413 2383 483 2430 ζημίαι,
493 2386 524 2415 diis
533 2386 620 2416 solvenda
627 2395 745 2425 sepenumero
753 2395 827 2416 comme-

91 2445 161 2474 moretm
174 2444 219 2472 sunt.
244 2441 274 2471 on·
286 2442 306 2472 K.
319 2442 337 2471 O.
350 2442 419 2481 Mulier,
432 2442 463 2471 Die
475 2441 516 2472 Dor.
528 2442 537 2471 I
550 2442 590 2480 2953
602 2442 664 2472 Pollux
676 2442 717 2472 VIII
730 2444 756 2473 86.

160 2496 209 2529 ³Of·
227 2498 245 2528 0.
263 2498 384 2528 Sehuehhardt
401 2497 481 2528 Illittheil.
500 2498 531 2528 des
546 2498 624 2529 (leutsch.
639 2499 717 2530 archaeol.
731 2498 774 2528 inst.
789 2499 827 2529 Ath.

91 2557 142 2586 Abth.
154 2556 178 2585 XI
190 2556 228 2585 429.

159 2608 166 2627 4
178 2611 198 2641 Iu
210 2611 347 2647 Pauly-Wissow.
360 2611 527 2650 Beni-Encyclopiid,
539 2612 612 2650 Apellen
625 2611 643 2641 Π
656 2613 681 2642 56.
