1747 2933
322 720 517 772 Praefatio

122 945 174 987 Cum
192 946 218 987 ad
237 960 272 987 eas
291 960 331 995 res,
351 960 439 997 quarum
457 946 479 985 in
494 945 658 997 investigatione
673 945 720 986 haec
735 960 793 986 coni-

54 1014 156 1056 mentatio
178 1015 281 1063 versatur,
304 1012 451 1066 aggrediebar,
472 1012 612 1070 primanrihi
627 1012 649 1053 in
665 1012 734 1054 animo
750 1015 794 1053 erat

54 1082 119 1124 etiam
132 1081 200 1126 cultus
212 1079 342 1133 Argivorum
353 1083 374 1121 et
383 1079 539 1132 Megarensium
550 1082 648 1130 tractare,
659 1083 683 1121 nt
693 1080 793 1132 opusculo

54 1164 101 1191 meo
122 1149 149 1189 ad
167 1147 235 1188 Widii
250 1146 309 1187 illam
323 1145 360 1188 De
379 1145 471 1187 Sacris
490 1146 711 1197 Troezeniorum,
726 1147 793 1189 Her-

55 1215 242 1265 mionensinm,
267 1213 481 1268 llpidauriornm
509 1214 709 1256 commentationem
734 1230 794 1257 aece-

53 1285 117 1325 dente
134 1283 178 1324 iam
195 1282 258 1336 plena
276 1284 369 1323 exstaret
387 1281 500 1335 descriptio
516 1296 625 1323 sacrorum
639 1281 794 1335 Argolieorum,
812 1284 814 1287 ”

54 1366 102 1404 quae
123 1349 255 1403 temporibus
276 1349 386 1391 Pausaniae
406 1352 472 1391 erant.
502 1348 544 1391 Sed
563 1350 606 1391 iam
626 1350 685 1391 brevi
699 1353 795 1404 tempore

55 1418 109 1460 milri
131 1418 228 1472 apparuit
249 1417 271 1459 id
294 1431 346 1471 opus
367 1417 389 1458 in
406 1417 521 1470 praesentia
535 1417 603 1459 maius
619 1432 664 1459 esse
680 1433 742 1471 quam
756 1433 795 1472 pro

55 1486 136 1527 viribus
156 1486 214 1526 meis.
245 1484 306 1533 Quod
326 1499 373 1526 cum
391 1485 422 1525 ita
437 1487 499 1534 esset,
516 1499 551 1525 eos
566 1487 712 1526 tantummodo
728 1486 796 1527 cultus

55 1552 169 1607 complecti
184 1551 274 1601 decrevi,
290 1552 326 1604 qui
338 1551 394 1592 intra
404 1551 456 1592 fines
468 1550 631 1602 Corinthiorum,
642 1550 795 1605 Sicyoniorum,

57 1620 199 1661 Phliasiorum
220 1618 325 1660 celebrati.
342 1621 397 1667 sunt,
420 1619 475 1671 quod
490 1619 554 1660 etiam
569 1619 596 1660 ob
612 1633 659 1660 eam
673 1635 717 1661 rem
733 1620 796 1662 licere

57 1687 110 1729 mihi
127 1687 228 1741 persuasi,
245 1683 300 1740 quod
316 1689 337 1727 et
351 1684 406 1739 Argi
420 1686 466 1736 soli,
482 1689 505 1727 ut
520 1701 579 1728 meus
594 1687 636 1728 fert
650 1701 729 1738 sensus,
745 1688 796 1736 satis

57 1755 143 1804 liabent,
166 1755 220 1796 unde
243 1756 318 1805 sumat,
342 1754 377 1807 qui
400 1753 502 1795 eiusmodi
525 1755 723 1796 commentationem
739 1770 797 1797 com-

57 1836 136 1875 ponere
158 1821 216 1872 velit,
240 1825 261 1863 et
283 1820 377 1875 Megara,
400 1822 418 1862 si
439 1821 553 1873 religiones
569 1824 657 1874 spectes,
672 1837 714 1863 non
729 1823 797 1875 magis

59 1903 107 1930 cum
128 1887 229 1931 Corintho
251 1904 313 1942 quam
335 1903 382 1930 curn
401 1889 457 1941 agris
473 1904 485 1929 a
499 1889 660 1941 septentrionali
674 1893 734 1942 parte
748 1890 797 1930 fini-

58 1956 116 1997 timis
131 1956 273 1998 cohaerebant.

126 2023 235 2074 Rationes,
257 2023 332 2076 quibus
353 2023 376 2064 in
394 2037 457 2076 opere
472 2037 519 2064 meo
535 2023 665 2065 conficiendo
680 2038 731 2065 usus
746 2039 798 2072 suni,

60 2089 95 2131 vix
113 2091 254 2132 demonstrari
271 2104 357 2132 necesse
374 2092 415 2131 est:
431 2104 474 2140 eos,
490 2090 526 2142 qui
540 2089 596 2131 intra
610 2090 718 2143 proximos
733 2106 799 2132 annos

60 2157 123 2198 rebus
139 2158 203 2199 sacris
218 2171 257 2211 per
271 2157 366 2210 singulas
381 2156 480 2210 regiones
494 2157 647 2210 investigandis
663 2172 749 2210 operam
764 2158 799 2198 de-

61 2224 142 2273 derunt,
164 2227 247 2265 secutus
267 2224 290 2265 id
308 2224 332 2265 in
350 2224 424 2277 primis
440 2224 480 2276 egi,
495 2226 525 2274 nt,
542 2227 620 2277 quanta
634 2225 726 2266 maxima
740 2226 799 2278 potui

62 2290 177 2344 diligentia,
193 2292 270 2342 omnia,
287 2306 333 2345 quaa
348 2292 371 2332 in
385 2291 468 2339 litteris,
483 2291 558 2341 titulis,
573 2292 663 2333 nummis
679 2296 762 2333 serrata
774 2293 800 2334 ad

61 2371 95 2398 res
116 2372 186 2399 sacras
205 2359 270 2399 trium
285 2359 381 2412 gentium
395 2358 479 2399 illarum
494 2359 648 2411 pernoscendas
663 2359 800 2412 pertinerent,

63 2423 191 2477 colligerem,
208 2428 271 2478 atque
287 2440 348 2467 omne
364 2425 456 2466 studium
470 2425 636 2478 industriamque
651 2426 712 2479 posui
726 2426 749 2467 in
764 2441 800 2468 ex-

62 2489 172 2542 plorando,
194 2506 291 2545 quaenam
311 2506 399 2534 munera
420 2491 551 2545 expleverint
571 2493 657 2534 numina
676 2493 764 2546 singula,
781 2496 802 2535 et

64 2556 114 2608 quid
134 2558 174 2599 sihi
194 2559 300 2601 voluerint
321 2560 380 2601 varia
402 2559 528 2612 cognomina
551 2574 630 2610 eorum,
646 2561 729 2613 quaein
745 2561 802 2602 cultu

64 2627 164 2676 usurpata
179 2640 225 2667 esse
241 2630 329 2669 constat.
360 2626 458 2675 Aetatem
473 2627 605 2680 singulorum
620 2627 719 2679 cultuum,
736 2643 801 2681 orran-
