1759 2836
727 52 752 85 da

41 162 116 215 cyonia
138 177 201 216 quam
218 161 261 203 dea
281 160 304 201 in
320 159 476 202 Acrocorintho
493 160 556 211 culba,
572 159 609 200 sed
624 159 690 201 mulia
705 161 782 202 similia

39 229 133 272 habebat
155 245 203 271 cum
225 227 309 270 Venere
325 226 421 281 Δωρίτιδι,
437 243 500 280 quam
517 228 578 269 deam
596 226 729 269 ferbilibabenr
746 230 781 269 111-

40 299 110 338 11111111
125 297 190 338 Piraei
206 297 227 336 11
248 294 309 336 Cnidi
324 294 402 336 culbam
417 295 482 336 inisse
497 295 540 336 iam
555 309 620 347 supra
634 294 716 344 monui,
736 294 781 336 Ve-

39 379 111 406 nerem
129 362 241 404 Melandia
265 377 348 416 quoque
372 362 437 404 lalem
452 362 512 404 deam
533 362 598 404 fnisse
619 377 683 416 supra
710 366 781 404 111111-

40 433 89 474 dere
112 435 199 474 conatus
222 447 274 474 sum.
305 431 365 480 (duod
388 431 414 472 ad
431 430 528 473 vicbimas
544 431 627 482 abtineb,
644 430 720 483 quibus
736 430 781 471 deae

39 499 129 553 Sicyone
145 499 311 550 sacrificababur,
326 498 442 540 Pausanias
459 500 531 550 aperie
547 499 609 539 doceb
624 512 706 539 morem
715 497 781 538 fuisse

39 566 133 608 omnium
148 565 271 607 animalium
286 566 367 607 femora
381 569 460 619 praeier
470 579 531 606 suum
543 566 587 606 deae
599 578 730 614 consecrare,
740 564 781 605 alia

38 649 88 676 vero
105 634 175 676 omnia
189 634 280 676 flammis
295 633 347 687 ligni
359 633 450 686 iuniperi
462 633 592 683 comburere,
600 632 698 684 idemque
707 633 781 673 aucior

39 705 71 743 esi
91 701 154 743 simul
173 717 219 743 curn
237 702 353 743 femoribus
368 701 420 743 folia
434 700 571 755 paueroiis1,
588 701 624 753 qui
639 702 726 741 vocabus
742 701 781 749 esi,

39 772 173 811 concremaba
189 784 241 811 esse.

105 836 199 890 Saepbum
213 836 302 878 Veneris
319 835 486 889 ingredientibus
494 835 586 890 primum
595 835 725 877 offerebatur
735 835 780 888 sig-

37 920 88 945 nnm
102 903 212 958 Anbiopae3
227 904 321 946 filiorum
332 903 388 945 illius
401 918 470 954 causa,
486 918 539 956 quos
555 917 598 944 suae
614 902 780 945 civibabisfuisse

37 971 150 1022 liabebanb,
170 974 260 1013 mairem
278 986 361 1023 quoque
380 985 452 1011 secum
472 971 577 1011 rabionem
591 969 671 1011 habere
687 969 781 1022 Sicyonii

38 1039 159 1090 credebani,
175 1039 230 1081 sicui
244 1038 360 1080 Pausanias
375 1037 447 1079 referi.
470 1036 548 1080 Uirum
562 1052 647 1079 revera
658 1037 729 1079 divino
740 1037 780 1079 bo-

37 1120 88 1148 nore
110 1105 175 1147 1111111
197 1105 225 1146 sib
239 1104 333 1159 Anbiope
349 1105 404 1158 apud
419 1104 530 1158 Sicyonios
545 1118 619 1156 necne,
635 1105 657 1145 in
673 1104 780 1146 lareribaie

38 1188 116 1224 eorum,
132 1188 179 1226 quae
195 1172 256 1214 nobis
271 1172 356 1225 prodibo
370 1173 425 1223 suni,
441 1171 552 1214 diiudicari
567 1186 610 1213 non
624 1174 706 1225 polest,
723 1174 780 1213 11111

37 1257 49 1281 a
64 1240 153 1281 veritate
173 1254 216 1281 non
235 1239 336 1280 abliorreb
350 1239 416 1280 fuisse
431 1241 521 1292 tempus,
538 1254 579 1292 qno
596 1239 675 1281 culbum
690 1239 780 1281 habereb

37 1306 153 1361 Anbiopel.

103 1373 185 1415 Titana
207 1373 230 1414 in
251 1373 331 1427 templo
349 1372 472 1426 Aesculapii
487 1388 529 1414 una
544 1388 591 1415 cum
606 1374 675 1415 Mabre
692 1375 779 1415 deorum

37 1440 126 1494 aliisque
148 1439 269 1482 numinibus
292 1442 362 1482 sbabua
382 1439 488 1482 honoraia
503 1442 549 1482 crab
563 1440 643 1493 Venus,
660 1455 701 1494 qua
717 1441 741 1483 de
757 1455 779 1483 11

37 1509 63 1550 ad
79 1523 110 1559 ea,
127 1523 173 1561 quae
190 1507 246 1567 infra
262 1507 356 1558 afferam,
371 1506 466 1560 legenles
481 1507 561 1561 relego.

103 1575 209 1617 Phliasios
233 1590 316 1634 quoque
338 1574 445 1616 Venerem
467 1575 557 1616 coluisse
580 1575 625 1617 veri
647 1576 779 1618 simillimum

35 1642 88 1685 1111111
110 1642 202 1692 videbun
224 1657 293 1695 neque
315 1644 393 1693 damen,
409 1644 510 1695 quantum
525 1642 578 1684 mihi
594 1643 690 1697 conbigib,
706 1644 778 1685 111111-

36 1710 137 1760 venirem,
156 1710 200 1751 eius
221 1709 252 1751 rei
267 1709 311 1751 ulla
326 1709 382 1762 apud
396 1709 511 1762 scripbores
527 1713 564 1751 aui
578 1710 601 1751 in
615 1710 684 1752 bibulis
699 1712 779 1753 menbio

36 1778 66 1825 fil.
95 1776 200 1819 Nummus
215 1779 298 1818 barrium
313 1779 376 1818 ecbabe
392 1775 489 1830 Septimii
504 1776 578 1819 Severi
589 1792 677 1820 excusus
688 1778 778 1821 forbasse

34 1843 150 1898 'imaginem
165 1844 255 1886 Veneris
270 1844 359 1897 praebet.

105 1956 111 1975 ²
123 1959 203 1989 Prederos
215 1958 249 1998 ilie,
263 1958 312 1989 euius
324 1959 401 1997 speciem
414 1959 472 1989 verbis
485 1959 577 1996 diligenter
589 1960 668 1999 depingit
676 1961 779 2000 Pausanias,

35 2018 81 2047 inira
99 2017 173 2055 saeptum
192 2015 253 2054 iempli
267 2015 339 2044 Veneris
351 2015 368 2044 in
381 2016 465 2045 honorem
478 2017 513 2045 deae
527 2016 622 2054 colebatur,
634 2025 690 2055 neque
702 2026 778 2056 usquam

36 2074 78 2104 alibi
96 2083 116 2104 ne
129 2072 176 2111 apud
188 2072 276 2109 Sicyonios
289 2072 364 2112 quidem,
377 2072 392 2102 si
403 2073 447 2102 fides
459 2072 540 2103 habenda
552 2074 579 2103 esi
592 2073 659 2103 auctori
671 2075 736 2112 nosiro,
750 2084 778 2104 co-

35 2130 110 2160 lebalnr.

104 2180 111 2200 ²
129 2185 158 2215 Ofr
176 2185 263 2216 Seliirrner
280 2185 297 2215 in
315 2185 378 2215 Rosoh.
397 2185 430 2216 lex.
446 2186 462 2216 d,
477 2186 531 2224 iryin.
547 2187 600 2218 1382
617 2189 634 2218 11
650 2187 734 2228 Gerhard,
748 2188 777 2220 Gr.

35 2241 89 2280 Myra,
103 2241 112 2279 ἓ
127 2243 164 2272 739.
436 2246 438 2248 ’
