1759 2836
109 48 134 83 48

148 155 179 197 Ut
193 156 236 197 iam
251 171 314 209 supra
329 155 426 207 uidimus,
442 155 539 198 Corinthi
553 156 575 198 in
589 157 636 199 foro
652 158 731 198 statuas
744 156 819 197 Dianae

81 222 177 278 Ἐφεσίας
193 222 314 275 etBacchi,
331 223 405 264 eodem
419 224 481 265 niodo
497 226 589 276 ornabas,
604 224 684 278 positas
694 224 759 265 fuisse
770 237 819 264 auc-

81 294 116 333 tor
131 293 163 332 est
178 290 299 332 Pausanias.
325 290 422 344 Utraque
437 294 508 333 statua
521 305 546 331 ex
556 291 615 345 ligno
625 292 687 333 facea
692 295 713 333 et
723 280 821 332 inaurata

82 361 134 409 erat,
155 360 298 411 praeterquam
316 358 372 412 quod
387 373 424 400 ora
438 359 503 401 minio
519 358 586 401 oblita
601 362 679 401 erant,
698 359 820 413 Cognomen

81 424 164 481 Ἐφεσία
183 425 259 467 Dianae
280 424 402 477 addebatur,
424 441 466 468 non
487 440 528 479 quo
550 426 589 468 dea
609 427 640 468 ita
654 427 763 468 nominata
778 425 819 467 alia

82 495 137 535 esset
158 506 182 533 ac
203 492 242 533 dea
263 492 372 544 naturalis,
393 507 439 546 quae
454 493 476 534 in
491 507 569 546 inagna
583 496 644 547 parte
660 493 747 536 Graeciae
763 492 820 535 cole-

81 561 150 610 batur,
172 560 208 601 sed
230 560 279 613 quia
295 560 363 602 cultus
378 560 460 612 Dianae,
477 561 513 614 qui
528 562 585 602 omni
599 562 703 603 memoria
717 561 821 604 vetustior·

81 628 162 681 Ephesi
176 628 286 669 institutus
302 632 353 680 erat,
368 631 435 670 tanta
444 629 540 670 claritate
550 628 667 681 fruebatur,
675 632 699 671 ut
706 629 820 671 multorum

82 696 207 750 oppidorum
229 695 360 749 singulorum
383 696 451 739 cultus
472 697 534 750 plane
555 697 678 739 obscuraret
686 697 699 738 ¹.
731 697 763 739 De
781 696 820 738 So-

82 764 165 814 cietate,
184 778 230 816 quae
254 762 350 805 Corinthi
371 764 426 805 inter
446 763 538 805 Dianam
552 763 702 818 Bacchumque
717 765 820 807 interces-

82 834 145 883 serat,
161 831 204 872 iam
219 846 282 885 supra
298 831 392 873 disserui.

148 897 363 940 adornantium
379 914 391 940 a
406 898 522 941 Corinthiis
539 899 653 942 colebatur,
681 900 714 942 De
731 916 772 955 qna
787 901 819 941 ni-

81 967 113 1008 hil
127 966 172 1008 fere
188 967 240 1009 cerii
256 967 340 1019 scimus,
355 970 433 1021 praeter
445 968 501 1021 quod
514 967 634 1022 Xenophon
647 968 718 1020 tradit,
733 972 754 1010 et
765 969 820 1022 qnod

82 1049 210 1088 cognoscere
229 1049 340 1088 possumus
362 1034 445 1077 collatis
460 1035 604 1087 sollemnibus,
620 1050 666 1088 quae
681 1035 820 1077 inhonorem

82 1104 175 1145 eiusdem
197 1104 241 1144 deae
265 1103 311 1144 aliis
332 1103 384 1144 locis
406 1104 529 1156 agebantur.
559 1102 640 1145 Auctor
658 1107 730 1146 noster
747 1106 820 1144 narrat

82 1187 164 1214 summo
180 1172 260 1213 scelere
276 1186 298 1213 se
314 1172 459 1224 obstrinxisse,
476 1172 511 1225 qui
527 1172 606 1213 caedem
621 1172 821 1214 adversariorumin

82 1240 136 1281 diem
153 1238 250 1281 ultimum
264 1239 388 1281 Eucliorum
402 1240 541 1292 paravissent,
558 1253 604 1281 cum
619 1254 665 1281 mos
681 1242 742 1291 esset,
758 1242 781 1280 ut
794 1253 820 1279 ne

81 1322 151 1348 rerum
176 1306 298 1360 capitalium
325 1307 409 1360 quidem
436 1307 529 1348 damnati
551 1301 607 1348 intra
627 1306 666 1348 hos
688 1307 731 1349 dies
753 1306 819 1347 festos

83 1374 186 1428 supplicio
202 1374 344 1415 afficerentur.
365 1373 461 1427 Apparet
475 1374 541 1427 igitur
556 1373 612 1416 hunc
622 1374 706 1426 festum,
716 1389 754 1428 per
763 1389 820 1415 com-

82 1442 152 1496 plures
176 1442 219 1483 dies
241 1441 377 1492 celebratum,
399 1442 555 1483 sanctissimum
575 1442 672 1483 habitum
686 1441 751 1483 tuisse
767 1442 821 1495 apud

83 1508 205 1550 Corinthios
213 1508 227 1550 2.
249 1508 378 1562 Corcyraeos,
388 1509 473 1551 colonos
484 1509 647 1561 Corinthiorum,
656 1509 757 1551 sollemne
766 1509 821 1550 cele-

81 1577 161 1627 brasse,
177 1577 210 1618 cni
225 1591 303 1618 nomen
318 1579 363 1619 erat
378 1575 472 1625 Εὔκλεια,
483 1577 528 1618 veri
538 1577 606 1619 simile
618 1577 701 1619 videtur
709 1576 761 1618 mihi
770 1590 820 1618 con-

82 1644 183 1685 sideranti
194 1647 215 1685 et
225 1659 322 1686 nummos
337 1644 449 1686 nonnullos
465 1644 587 1698 Corcyraeos
604 1659 656 1695 esse,
671 1645 693 1685 in
704 1644 779 1698 quibus
787 1644 820 1684 in-

82 1712 185 1764 scriptum
201 1711 248 1754 est3
263 1710 357 1760 Εακλαα,
373 1710 457 1762 Eorta,
474 1710 561 1760 Ουαλεα,
573 1715 594 1754 et
602 1706 657 1765 apud
668 1726 703 1754 eos
715 1711 820 1753 exstitisse

82 1794 160 1820 nomen
176 1780 281 1832 quoddam
296 1780 374 1821 mensis
390 1777 486 1825 Εὔλλαος
495 1780 517 1820 in
526 1780 668 1834 compluribus
676 1779 744 1821 titulis
752 1779 821 1820 nomi-

82 1846 176 1888 namne.
206 1846 261 1889 Utut
275 1846 322 1888 liaeo
337 1861 370 1888 res
386 1861 408 1888 se
423 1846 494 1899 habet,
510 1849 568 1888 certo
584 1847 660 1888 scimus
675 1846 766 1888 Dianam
781 1843 821 1885 Ed-

82 1914 150 1954 κλειαν
166 1915 244 1956 cultam
258 1914 323 1956 fuisse
340 1915 395 1968 apud
409 1914 496 1965 Locros,
512 1914 619 1965 Boeotios,
636 1914 784 1965 Athenienses,
799 1914 821 1954 in

81 1982 151 2023 insula
170 1981 225 2024 Paro
233 1980 246 2023 ⁵.
277 1982 345 2030 Quam
360 1982 403 2023 vim
418 1981 493 2023 Dianae
509 1979 595 2035 torino,
609 1982 723 2023 tribuerint
737 1981 822 2023 Boeotii

150 2071 155 2090 1
169 2074 198 2104 Ofr
211 2075 230 2105 E.
243 2075 318 2114 Curtius,
332 2075 403 2105 Studien
415 2083 446 2104 zur
459 2074 521 2104 Gesch.
535 2075 566 2103 der
577 2075 652 2104 Artemis
669 2074 792 2111 [Sitzungsber.
805 2074 821 2103 d.

82 2132 135 2161 ainau.
152 2131 167 2161 d.
183 2132 286 2162 Wissensch
303 2140 325 2161 zu
340 2131 398 2161 Berlin
413 2132 461 2167 1887]
477 2140 494 2169 p.
508 2132 556 2170 rico,
571 2133 588 2161 et
600 2131 658 2168 Olane,
670 2130 695 2159 De
708 2130 766 2160 Dianio
779 2130 821 2159 anti-

83 2187 167 2225 quissima
179 2187 225 2226 apud
238 2186 306 2216 Graecos
320 2189 382 2217 natura
394 2196 410 2226 p.
424 2187 450 2217 55.

151 2239 157 2258 ²
169 2244 208 2273 Mea
220 2244 290 2281 quidem
303 2244 383 2281 opinione
395 2243 424 2273 vix
438 2243 511 2273 dubium
523 2244 555 2282 est,
568 2244 608 2281 quin
621 2251 679 2282 conso,
688 2251 718 2272 cnr
727 2241 821 2272 Pausanias

82 2300 119 2329 eius
138 2299 177 2328 festi
196 2300 301 2338 mentionem
319 2309 352 2329 non
371 2299 436 2337 fecerit,
452 2308 473 2328 ea
485 2299 512 2337 sit,
528 2299 575 2336 quod
587 2299 669 2328 Corintho
683 2299 753 2337 antiqua
765 2298 821 2327 diruta

82 2355 145 2394 omnia,
158 2364 195 2393 spuo
208 2356 229 2385 ad
242 2356 308 2385 cultum
320 2356 378 2385 Dianae
391 2351 478 2392 Εὐκλείας
491 2355 606 2394 pertinebant,
618 2355 669 2393 plone
681 2354 786 2384 interierant.

151 2407 157 2427 ³
169 2412 248 2442 Mionnet
260 2412 320 2451 Snppl.
334 2412 411 2452 111435,
424 2412 444 2442 λδ
457 2420 483 2449 sq.
496 2412 534 2450 iao,
547 2413 573 2442 81.

151 2465 158 2483 ⁴
170 2468 313 2508 Prope-Benseler,
326 2463 544 2505 Erge1ninnrenFiiiaheroc.
562 2467 592 2497 on·
602 2466 748 2506 CoIIItz-Bechtel,
755 2467 821 2496 Samm-

82 2525 124 2562 lung
137 2525 152 2554 (l.
165 2525 229 2562 griech.
242 2524 362 2555 Dinl.-Insclrr.
371 2525 402 2556 No,
412 2525 455 2555 3206
465 2524 493 2562 (Ξ
500 2523 517 2553 G.
526 2524 539 2553 I.
549 2523 569 2553 G.
578 2523 633 2560 1845).
652 2523 733 2553 Fortasse
740 2523 792 2552 etiarn
800 2523 821 2551 ad

82 2581 146 2610 festum
156 2581 214 2611 Dianre
221 2577 308 2619 Εὐκλείας
317 2582 362 2620 opud
370 2581 487 2618 Syracusanos
495 2580 601 2610 celebratum
608 2580 653 2609 Plnt.
661 2579 713 2609 Marc,
722 2581 741 2608 18
749 2581 821 2618 spectat.

149 2633 191 2667 ‘'Iie
204 2637 328 2676 Bes-Foucart,
341 2637 375 2666 Iles
389 2637 438 2666 2062.
