1759 2836
747 57 771 91 39

61 167 128 210 simile
150 166 203 209 mihi
225 165 308 207 videtur
329 164 421 206 Dianam
442 180 454 206 a
473 164 578 219 principio
600 164 680 206 nullam
699 165 744 206 fere
764 179 800 206 ra-

60 236 140 277 tionem
162 249 210 275 cum
231 232 272 274 hoc
294 232 392 274 sollemni
413 232 519 275 habuisse.
550 231 609 281 Quod
630 235 654 274 ut
675 232 759 273 credam
777 231 800 272 in

59 302 133 357 primis
155 301 226 343 verbis
248 300 366 352 Pausaniae,
390 300 426 354 qui
445 300 468 342 in
487 301 528 342 hac
549 315 572 341 re
593 299 650 341 solus
669 302 743 341 auctor
761 302 799 349 est,

60 370 158 411 adducor.
188 367 227 409 Ille
247 367 302 409 enini
319 368 398 409 talibus
413 367 483 410 verbis
498 369 521 409 in
535 368 576 409 hac
591 367 747 422 supplicatione
763 366 799 407 de-

61 435 171 477 scribenda
191 449 241 476 usus
262 436 300 486 881,
321 437 345 476 ut
365 449 399 476 res
415 449 427 476 a
441 435 546 488 principio
562 435 618 476 inter
633 449 655 476 se
670 448 713 476 non
729 433 799 475 eoliae-

61 505 130 545 rentes
146 501 265 545 confudisse
280 502 371 544 veliam
387 502 413 544 ab
429 501 476 544 aliis
492 502 590 544 confusas
605 501 717 544 tradidisse
727 500 799 542 videa-

61 578 99 611 tur.
129 569 186 611 Nam
199 570 290 623 primum
305 572 379 610 narrat
392 569 515 622 Apollinem
531 572 552 611 et
566 569 664 620 Dianam,
680 584 727 610 cum
737 567 800 609 simul

60 637 179 691 Pythonem
187 637 350 679 interfecissent
361 663 386 667 -
397 637 433 678 ubi
450 638 518 679 caedes
533 639 655 691 perpetrata
671 636 704 687 sic,
715 650 759 676 non
767 634 798 675 di-

61 705 114 746 citur
129 729 155 733 —
171 704 257 746 sceleris
278 705 376 759 expiandi
397 719 460 746 causa
480 704 593 758 Sicyonem
607 705 696 755 venisse,
712 703 798 744 territos

61 773 130 813 autem
144 772 234 825 fugisse3
250 774 324 825 postea
334 771 445 825 Sicyonios
455 775 515 826 peste
526 772 620 826 graviter
630 771 722 813 afflictos
729 770 798 811 iussos

61 853 106 880 esse
127 841 239 892 utrumque
262 838 324 881 deum
344 839 435 893 placare.
465 840 518 882 Haec
538 842 559 881 et
578 839 620 880 alia
634 839 712 881 talibus
727 836 798 878 verbis

58 921 108 947 usus
118 905 234 947 Pausanias
244 909 322 957 narrat,
334 906 392 947 velut
402 906 420 947 si
432 906 551 948 communia
558 906 638 947 fuerint
645 904 742 958 Apollini
751 919 798 945 curn

59 973 134 1014 Diana.
164 974 229 1015 Paulo
251 973 307 1015 inira
329 976 378 1027 post
400 974 454 1014 ritus
475 974 588 1015 sollemnes
605 976 714 1014 enarratas
730 971 797 1013 addit:

59 1041 135 1086 τοὺτοις
156 1040 177 1080 δὲ
196 1039 274 1080 ἐοικότα
289 1042 323 1080 ant
338 1046 370 1081 νῦν
385 1040 413 1079 ’e'n
428 1047 517 1080 ποιεῖται·
534 1042 569 1080 καὶ
583 1041 620 1093 γὰρ
636 1039 666 1079 ἐπὶ
681 1041 713 1079 τὸν
729 1037 798 1078 Euroo
845 1061 847 1064 ·

58 1106 109 1148 caco
124 1105 142 1148 οἱ
157 1106 226 1154 παῖδες
241 1114 266 1161 τῇ
281 1105 339 1162 ἑορτῇ
354 1113 388 1148 τοῦ
403 1106 534 1154 Ἀπόλλωνος
549 1108 603 1155 arla
618 1121 710 1161 pergens
725 1120 797 1147 rursus

59 1175 84 1216 de
102 1174 165 1216 “diis“
182 1173 282 1227 loquitur,
298 1189 351 1228 quos
365 1178 423 1216 retro
438 1174 460 1215 in
475 1174 578 1228 templum
588 1173 694 1227 Apollinis
705 1173 798 1226 agebant

58 1241 127 1292 liberi,
147 1241 184 1283 sed
203 1241 287 1294 singula
302 1242 327 1284 de
342 1241 422 1295 templo
437 1256 567 1295 persequens
583 1241 608 1283 de
624 1242 668 1283 aede
683 1240 797 1295 Apollinis,
839 1281 841 1284 .

57 1323 100 1349 non
115 1308 140 1350 de
155 1308 235 1363 templo
250 1307 355 1361 Apollinis
371 1312 393 1350 et
406 1308 489 1360 Dianae,
504 1309 604 1362 loquitur.
634 1307 659 1350 ln
668 1309 711 1350 fine
722 1307 797 1360 capitis

57 1367 182 1417 nominatim
203 1376 262 1417 dicit:
283 1376 392 1431 templum,
408 1376 465 1430 quod
479 1392 534 1418 nunc
550 1379 588 1427 est,
605 1378 626 1417 et
640 1379 738 1426 statuam,
753 1390 797 1416 non

57 1446 145 1495 statuas,
168 1444 222 1485 sicut
243 1458 291 1485 eum
311 1445 381 1486 1811118
400 1445 475 1491 cotecis,
491 1444 512 1484 δὲ
528 1443 606 1484 ἐοικότα
622 1444 665 1484 κτλ.
680 1443 796 1497 praemissis

57 1510 149 1553 scribere
165 1511 266 1565 oportuit,
282 1510 396 1565 Pythocles
407 1511 517 1554 dedicavit.
528 1536 553 1541 -
562 1510 659 1565 Apparet
669 1525 695 1552 ex
704 1511 737 1562 iis,
749 1524 795 1563 quae

56 1578 99 1620 iam
113 1578 182 1630 attuli,
200 1577 327 1620 Pausaniam
341 1579 363 1620 in
378 1578 418 1620 hac
433 1579 587 1633 supplicatione
603 1578 740 1621 describenda
755 1577 796 1619 sibi

56 1661 99 1687 non
120 1648 226 1694 constare;
248 1645 289 1686 alia
309 1646 350 1687 sibi
364 1646 411 1699 ipsa
425 1646 566 1701 repugnantia
581 1646 604 1686 in
618 1645 659 1687 hac
674 1646 795 1687 narratione

55 1713 124 1754 inesse
139 1716 197 1754 recte
212 1713 293 1754 monuit
308 1713 332 1754 T.
349 1713 482 1755 Schneiber1.

123 1779 181 1822 Inter
196 1794 269 1822 omnes
285 1784 368 1823 constat
382 1781 485 1835 templum
499 1784 599 1836 pervetus
614 1780 720 1835 Apollinis
733 1780 794 1834 Sicy-

56 1861 96 1889 one
117 1847 140 1889 in
161 1847 208 1890 foro
229 1848 292 1890 situm
312 1848 387 1897 foisse3
407 1848 459 1891 illud
473 1848 577 1903 templum
592 1849 711 1903 complures
727 1848 794 1901 scrip-

55 1917 113 1957 tores
134 1914 231 1969 antiqui2
252 1919 424 1967 commemorant,
444 1932 512 1971 neque
530 1916 573 1958 ullo
588 1916 636 1958 loco
652 1917 677 1958 de
692 1916 794 1958 societate

55 1997 163 2025 sacrorum
181 1982 287 2036 Apollinis
306 1987 327 2025 81
341 1983 417 2026 Dianae
432 1984 455 2025 in
469 1985 509 2026 hoc
524 1984 604 2038 templo
619 1984 718 2026 instituta
733 1983 794 2036 quid-

55 2066 118 2104 quarn
133 2054 174 2101 est3
189 2051 253 2092 imino
269 2066 319 2093 vero
334 2055 440 2094 vetustate
450 2053 525 2107 templi
535 2051 646 2106 probabile
656 2053 681 2093 fit
693 2052 736 2093 tale
747 2052 793 2092 vin-

55 2119 125 2160 culum
139 2119 247 2161 societatis
262 2134 305 2161 non
316 2120 428 2162 exstitisse.
451 2119 501 2162 Alia
511 2135 595 2174 quoque
605 2134 639 2162 res
650 2121 676 2162 ad
686 2120 740 2161 hanc
748 2134 794 2161 rem

54 2186 117 2240 plane
124 2186 281 2240 percipiendam
288 2187 417 2242 permultum
425 2187 487 2230 valet.
503 2187 567 2242 Apud
574 2187 706 2241 Hesychimn
714 2189 793 2242 scripta

32 2255 33 2258 ’
54 2253 181 2296 invenimus:
196 2252 267 2300 Τοξίου
277 2255 356 2307 βουνός·
367 2261 400 2295 τοῦ
410 2253 540 2301 Ἀπόλλωνος
548 2262 582 2296 mo
590 2254 610 2296 ἐν
619 2254 706 2297 Brasaca.
718 2256 792 2310 βέλτιον

123 2366 129 2386 ¹
141 2371 161 2401 Τ.
174 2369 270 2408 5811811181,
282 2369 357 2408 Apollon
369 2369 487 2407 Pythoktonos
499 2382 517 2411 p.
529 2374 551 2403 44
563 2382 589 2410 sq.

123 2421 277 2456 2Ρ881111-Α1181ο1.
290 2425 315 2456 De
327 2426 388 2456 mirah.
401 2435 448 2457 ausc.
460 2427 500 2459 LIX
512 2426 554 2461 1181
566 2427 575 2461 ὁ
588 2426 605 2461 ἓν
617 2425 690 2461 Σικυῶνι
703 2426 748 2460 ἐστὶν
761 2425 792 2459 du-

55 2479 105 2526 ὃριὰς
118 2480 135 2514 ὲν
147 2486 170 2526 τῷ
184 2479 253 2526 ἀρχαίῳ
266 2485 302 2527 ναῷ
311 2486 341 2515 τοῦ
349 2479 470 2522 Ἀπόλλωνος.
490 2485 520 2515 cn·
528 2486 595 2524 Ampel.
604 2486 642 2517 Lib,
651 2495 702 2516 mern.
712 2488 730 2523 83
742 2486 792 2523 Poly-

54 2538 93 2568 bius
110 2537 163 2575 {XVII
177 2539 202 2577 16,
216 2537 231 2575 1)
250 2540 267 2568 et
281 2538 341 2570 Livius
357 2539 425 2576 (XXXII
437 2540 464 2577 40]
478 2550 539 2581 agrum
552 2542 613 2583 templi
624 2542 710 2583 Apollinis
722 2551 792 2574 sacrum

54 2596 196 2626 commemorant¹
