1759 2836
735 67 760 102 ’Π

51 171 146 216 Nummi:
163 173 207 216 Cat.
224 175 249 215 ot'
260 173 297 215 the
313 174 379 226 greelr
394 174 452 216 coins
467 174 489 215 in
504 174 540 216 the
553 174 606 216 Brit.
617 174 672 216 hlus.
683 174 790 228 Pelopon-

118 257 180 284 nesus
196 242 229 292 35,
245 242 271 282 27
288 240 329 295 (ca
344 241 456 283 370—280
470 257 488 282 a.
500 241 549 283 Chr.
563 240 600 295 n),
624 239 677 283 Obv.
692 241 754 283 Head
770 243 793 284 of

117 325 190 364 young·
210 308 317 362 Dionysus
338 323 362 361 r,
385 310 482 351 crowued
503 310 610 364 withivy3
631 308 683 351 Rev.
702 309 752 351 Bull
766 325 791 362 r,

119 377 215 429 butting3
226 376 300 428 above,
311 376 403 429 thyrsus.
429 375 465 418 Ctr
475 377 542 429 Head,
552 377 609 419 Hist.
620 391 702 419 numor.
712 393 732 431 p.
744 377 791 418 344.

118 500 215 541 Bacchus
237 515 319 541 summa
340 499 444 553 religione
465 499 575 542 colebatur
595 516 607 542 a
628 500 727 553 gentibus
742 500 791 551 illis,

51 583 139 621 quarum
154 582 187 609 res
203 583 274 610 sacras
289 569 311 610 in
325 557 366 610 hae
382 569 559 610 commentatione
574 571 650 610 tracto.

119 634 216 676 Corinthi
238 635 318 677 duobus
341 637 408 690 signis
427 636 505 689 ligneis
525 636 657 690 perantiquis
675 636 792 678 honoratus

51 706 96 745 erat
117 703 220 754 Bacchus,
241 718 288 757 quae
303 704 326 745 in
339 703 387 746 loro
402 719 444 746 una
459 718 506 746 cum
521 707 591 746 statua
606 704 681 746 Dianae
696 702 792 759 Ἐφεσίας

50 771 120 824 posita
135 775 201 813 erant.
232 771 292 821 Quod
307 773 333 813 ad
347 773 458 824 rationem,
475 788 537 826 quarn
553 788 601 814 cum
615 772 685 814 Diana
698 772 792 830 habebat

50 837 154 890 Bacchus,
170 839 252 891 attinet,
268 840 294 880 ad
309 854 340 890 ea,
357 854 403 893 quae
419 839 498 893 supra1
512 839 618 893 leguntur,
630 840 711 893 delego.
735 839 791 882 Pau-

50 906 119 948 sanias
140 910 212 948 narrat
232 906 279 948 haec
300 907 361 960 signa
381 907 478 948 inaurata
493 907 558 948 fuisse
572 910 652 960 praeter
667 922 705 949 ora
720 908 791 949 colore

50 974 114 1015 rubro
132 972 232 1016 ίκίίυοίο2
252 977 272 1015 et
287 974 391 1028 imagines
406 974 471 1015 fuisse
486 989 552 1015 unum
566 974 646 1016 Bacchi
661 974 744 1023 Λυσίου,
760 976 791 1016 al-

50 1043 119 1083 terum
139 1041 219 1083 Bacchi
240 1040 348 1096 Buaystou
364 1041 462 1094 idemque
477 1043 551 1083 auctor
566 1044 599 1082 est
614 1042 720 1083 exstitisse
736 1043 791 1095 apud

51 1108 171 1151 Corinthios
194 1109 283 1159 fabulas,
306 1110 327 1150 in
349 1108 425 1162 qriibus
445 1109 577 1161 proderetur,
597 1110 702 1162 quomodo
719 1113 739 1151 et
755 1124 792 1151 cnr

49 1176 83 1217 hae
99 1179 174 1218 statuae
190 1175 315 1217 Corinthum
330 1176 485 1228 pervenissent:
501 1176 559 1217 iussu
574 1174 658 1229 Pythiae
670 1175 791 1218 Corinthios

50 1243 189 1297 investigasse
210 1244 314 1294 arborem,
330 1244 384 1284 unde
399 1242 506 1284 Pentheus
521 1243 544 1283 in
560 1242 686 1284 Cithaerone
701 1243 791 1285 feminas
818 1293 819 1296 Ἴ

52 1309 180 1353 bacchantes
196 1310 315 1364 speculatus
331 1313 394 1361 esset,
410 1313 431 1352 et
446 1324 472 1351 ex
487 1324 512 1351 ea
528 1310 604 1352 arbore
618 1310 734 1353 fabricatos
746 1325 791 1353 esse

50 1378 111 1431 signa
131 1378 168 1419 illa
186 1378 272 1420 Bacchi.
301 1378 335 1420 Ex
350 1377 383 1419 his
399 1377 496 1419 omnihus
513 1378 553 1419 duo
568 1377 679 1431 inprimis
695 1378 792 1420 concludi

49 1445 109 1486 licet:
132 1445 216 1495 fabulis,
238 1460 289 1498 quas
311 1446 336 1486 de
357 1445 439 1497 origine
455 1445 564 1498 signorum
578 1444 658 1486 Bacchi
673 1446 792 1498 prodebant

51 1511 162 1562 Corinthii,
184 1512 214 1553 nil
224 1512 238 1553 'l
258 1512 315 1553 aliud
335 1511 484 1566 significabant
499 1511 540 1552 nisi
555 1526 658 1552 summam
673 1512 791 1554 necessitu-

51 1579 120 1620 dinem
140 1578 205 1620 cultui
221 1578 331 1620 Corinthio
347 1593 395 1620 cum
409 1578 499 1620 Boeotio
515 1579 653 1629 intercedere,
669 1582 690 1620 et
706 1582 792 1621 ornatus

49 1645 85 1687 ille
106 1645 204 1687 insolitus
226 1646 335 1699 signorum
355 1645 408 1687 mihi
426 1646 457 1687 ita
473 1645 624 1699 intelligendus
641 1660 686 1687 esse
701 1647 791 1697 videtur,

50 1717 73 1755 ut
92 1716 220 1755 vetustatem
235 1713 412 1765 sanctitatemque
428 1712 496 1755 cultus
511 1712 592 1755 Bacchi
608 1713 716 1767 propriam
734 1714 791 1755 indi-

52 1781 138 1822 caverit.

116 1847 209 1889 Nomina
231 1846 309 1893 Λυοίοε,
330 1849 351 1887 et
371 1845 474 1901 Βάκχειος
493 1846 611 1887 simulacris
630 1846 710 1888 Bacchi
724 1847 791 1889 indita

50 1917 116 1956 erant.
148 1914 230 1955 Eadem
252 1913 379 1966 cognomina
394 1914 458 1954 etiam
473 1912 563 1966 Sicyone
579 1913 660 1954 duobus
676 1914 742 1966 siguis
758 1914 791 1955 dei

51 1984 122 2032 erant;
138 1995 179 2034 qua
195 1982 220 2022 de
235 1995 258 2022 re
273 1980 329 2021 infra
344 1980 409 2021 verba
424 1980 507 2031 faciam,
518 1980 553 2021 hic
563 1980 616 2020 mihi
625 1980 690 2021 liceat
698 1994 791 2022 comme-

50 2063 133 2091 morare
149 2047 195 2089 aliis
211 2061 294 2100 quoque
309 2047 362 2089 locis
373 2047 425 2088 duos
435 2046 532 2089 Bacchos
540 2061 582 2088 una
593 2047 661 2089 cultos
672 2061 724 2099 esse,
733 2047 791 2089 velut

49 2116 143 2169 Megaris
164 2114 261 2156 Bacchus
282 2111 381 2167 Πατρῷος
402 2117 423 2156 et
444 2111 578 2162 destituet
593 2114 677 2156 Hereeae
692 2113 790 2157 Bacchus

118 2227 124 2246 ¹
141 2239 152 2260 ν.
165 2231 192 2260 47.

118 2240 176 2315 2i‘au
188 2285 240 2315 modo
253 2284 307 2314 oblite
319 2285 369 2314 erent
381 2283 474 2313 simulacra
486 2282 551 2313 Bacchi
562 2283 637 2314 Phelloe
648 2284 666 2314 in
672 2284 789 2315 nrbeAchaiae

49 2341 106 2378 (Pausi
121 2341 154 2372 VII
169 2342 196 2380 26,
212 2341 239 2379 11)
258 2342 275 2371 et
292 2340 374 2378 Phigaliue
391 2340 408 2369 in
422 2339 466 2370 urhe
483 2339 560 2369 nrcadiae
574 2339 630 2375 [Puns.
643 2340 685 2370 VIII
697 2342 723 2380 39,
736 2340 758 2380 6),
770 2344 790 2372 nt

49 2398 108 2427 monet
127 2397 228 2427 Pausanias.
258 2396 342 2426 Conferus
360 2396 412 2426 velmi
430 2395 505 2432 Hesych.
524 2391 580 2439 ίερεὺς
599 2392 691 2428 Διονίκου·
711 2392 789 2435 Εὔπολίς

48 2449 146 2484 Ἱππόνικον
158 2451 245 2492 σκώπτων,
259 2450 283 2490 ὥς
296 2450 370 2497 ἐρυθρὸν
382 2453 403 2495 τῇ
417 2447 462 2494 ὄψει.

115 2510 140 2539 De
162 2518 210 2540 more
232 2510 350 2540 Romanorum
373 2507 443 2546 antiqua
462 2508 557 2538 simulacre
575 2509 627 2538 mimo
646 2508 739 2538 inducendi
763 2510 789 2539 cf·

49 2566 62 2597 Ι.
75 2566 95 2596 H.
108 2565 151 2596 Voss
165 2565 186 2595 ad
198 2565 297 2603 pergen.
310 2564 325 2595 X
337 2574 353 2603 p.
367 2564 399 2595 514
412 2572 437 2602 sq.

118 2628 186 2663 ³Peus.
199 2632 208 2662 Ι
220 2633 247 2672 43,
261 2633 275 2663 5.
